3766 6090
587 413 902 464 PROVINO.TYR01..
926 414 982 464 nn.
1008 413 1131 464 uinon.
1155 412 1287 462 annon.
1653 391 1695 463 al

185 536 379 629 plantetur
400 545 437 607 et
458 537 730 621 introducatur,
752 537 824 628 piis
856 537 943 607 rotis
966 545 1000 606 et
1018 536 1136 628 plenis
1158 534 1359 604 desideriis
1376 557 1604 626 summopere
1635 560 1694 604 cu·

186 653 347 744 pientes,
371 676 577 747 omnemque
593 653 856 745 promotionem
885 661 919 721 et
943 652 1182 722 insistentium
1206 650 1380 721 Nostram
1404 650 1499 721 barn
1518 652 1556 720 iu
1581 653 1693 741 finem

190 767 460 839 clementissime
479 771 667 860 offerentes
698 776 735 837 et
753 769 980 861 pollicentes:
1013 768 1162 860 tibique,
1188 776 1229 836 ut
1256 767 1511 860 Superioribus
1545 768 1691 838 inmori-
1730 813 1731 817 =

191 885 256 955 bus
281 885 388 955 totins
416 885 563 956 Ordinis
584 885 715 955 boncce
738 883 912 955 Nostram
934 907 1158 976 erpressarn,
1185 884 1289 975 piam
1313 891 1349 953 ct
1376 884 1691 955 clementissimam

192 999 425 1071 intentionem
450 1001 626 1086 insinues,
650 1001 839 1092 notificare
862 1000 1055 1084 voluimus,
1080 999 1376 1091 quanadmodnm
1394 1007 1430 1070 et
1451 1001 1693 1070 sivrioersalem

189 1115 285 1186 banc
306 1116 533 1209 seraphicum
554 1118 798 1206 reformatam
818 1139 961 1208 prepem
989 1116 1090 1185 omni
1106 1117 1230 1204 ,ructio
1253 1128 1283 1185 et
1304 1116 1523 1207 protectione
1553 1115 1692 1187 Nostro

184 1234 456 1326 prosequimur.

283 1347 400 1418 Datae
422 1348 628 1418 incivitate
651 1346 788 1419 Nostra
820 1347 1062 1440 Oempontana
1085 1347 1148 1419 21.
1173 1347 1388 1440 Septembris
1412 1348 1480 1418 An.
1508 1347 1627 1419 laea.

1035 1633 1097 1704 Ad
1109 1633 1325 1704 mandatum
1341 1634 1574 1703 Serenissimi

1003 1750 1155 1820 Domini
1174 1749 1390 1819 Arcbiducis
1408 1750 1608 1842 proprium

333 1948 545 2018 Luaronnus
569 1949 725 2018 Ioannes
750 1947 901 2017 Linnnn.

291 2234 341 2304 19.
366 2235 431 2303 An.
459 2233 544 2304 laet
567 2233 623 2304 die
646 2233 678 2303 6.
703 2233 791 2305 Nov.
816 2234 849 2303 iu
874 2235 1050 2305 Conventa
1074 2226 1307 2326 Oenipontauo
1330 2233 1528 2324 Capitulum
1554 2233 1696 2304 Provin-

192 2349 304 2434 ciale‚
330 2349 487 2441 praeside
512 2349 660 2419 Antonio
683 2371 704 2419 a
727 2349 905 2435 Galbiato,
932 2348 1135 2418 Provinciae
1160 2349 1331 2437 Bavariae
1348 2347 1509 2418 Ministro
1537 2372 1578 2419 ac
1595 2349 1695 2419 Com·

196 2465 359 2535 missario
374 2465 539 2535 Generali
562 2464 772 2536 Germaniae
796 2465 980 2557 superioris
1003 2488 1044 2534 ac
1068 2465 1271 2553 Regnorum
1289 2464 1520 2534 adiacentium
1543 2465 1696 2535 celebra-

191 2592 273 2651 tum
297 2591 366 2669 est,
391 2581 426 2650 in
462 2604 528 2672 quo
565 2581 746 2652 Provincia
781 2579 997 2672 Tyrolensis,
1033 2581 1217 2672 colophone
1250 2580 1505 2651 Reformationi
1528 2581 1693 2673 imposita

191 2699 352 2768 unanimi
375 2697 547 2768 vocalium
571 2697 740 2787 suffragio
763 2696 900 2766 clavum
925 2695 1111 2766 Ministerii
1135 2696 1359 2796 Provincialis
1377 2697 1526 2766 Henrico
1545 2696 1694 2789 Seyfrid‚

196 2813 418 2906 paupertatis
442 2813 567 2905 insigni
592 2812 741 2896 zelatori,
766 2810 927 2900 contulit;
954 2827 1106 2902 respectu
1131 2812 1226 2882 cuius
1255 2812 1420 2904 potuisset
1444 2813 1492 2881 uti
1516 2812 1646 2898 verbis
1673 2836 1694 2882 a

187 2928 372 2999 vocalibus
395 2927 538 2998 Ordinis
573 2929 655 3000 olim
682 2928 726 2998 ad
750 2928 789 2997 B.
826 2928 985 2996 loannem
1024 2927 1262 3014 Panaenum,
1287 2937 1362 3019 post
1386 2927 1620 2997 Crescentium
1649 2928 1693 2997 ad

189 3066 322 3115 munus
345 3044 493 3114 Ministri
518 3043 699 3115 Generalis
723 3054 955 3136 assumptum,
981 3043 1139 3136 prolatis,
1166 3043 1338 3114 videlicet:
1360 3044 1453 3114 Bene
1471 3045 1600 3113 reru'sti
1622 3043 1694 3114 Pa-

188 3168 271 3244 ter,
294 3159 357 3228 sed
380 3157 507 3244 tarde}
528 3160 653 3253 quippe
676 3161 703 3229 si
728 3159 822 3252 prius
846 3160 1048 3230 Provinciae
1074 3160 1344 3230 Resorrnationis
1380 3160 1474 3250 leges
1502 3159 1692 3231 instillatae

186 3274 356 3360 fuissent,
393 3275 496 3366 priori
532 3277 638 3344 etiam
675 3292 826 3366 tempore
851 3274 1010 3367 ampliori
1035 3273 1119 3343 flore
1143 3273 1374 3365 splenduisset.
1400 3275 1435 3343 ln
1460 3274 1513 3344 his
1537 3274 1693 3346 Cornitiis

187 3412 283 3461 nova
301 3389 517 3460 Statutorum
541 3391 718 3481 congeries
740 3389 927 3482 compilata
950 3413 991 3459 ac
1015 3390 1169 3460 dimissio
1193 3390 1389 3460 Conventus
1413 3390 1633 3460 Lucaviensis
1656 3398 1692 3460 et

186 3495 343 3598 receptio
365 3505 566 3576 Reuttensis
600 3505 739 3576 decreta
765 3507 841 3575 luit.
868 3505 1026 3575 Urbanus
1049 3506 1139 3575 Vlll.
1166 3528 1220 3575 an.
1249 3504 1335 3575 une
1366 3506 1470 3576 Bulla
1500 3507 1695 3576 Socrosou-

183 3629 289 3691 ctum
313 3619 537 3713 Apostolatus
562 3619 817 3705 blinr'sterinm,
835 3644 913 3691 mox
938 3621 1152 3713 apponenda,
1172 3620 1469 3691 Reformationem
1491 3621 1693 3692 Provinciae

183 3733 390 3830 Tysolensis
417 3744 529 3806 ratam
556 3735 694 3821 habuit,
720 3736 821 3806 istam
845 3758 866 3804 a
891 3736 1133 3806 Cunmissario
1169 3736 1331 3806 Generali
1358 3737 1567 3806 Germaniae
1591 3759 1693 3828 supe·

184 3852 292 3924 rioris
316 3877 357 3922 ac
392 3852 564 3922 inferioris
599 3851 727 3920 exemit
750 3863 785 3921 et
819 3852 969 3923 omnium
1005 3852 1199 3940 gratiarum
1235 3852 1452 3922 Reformatis
1482 3852 1690 3923 collatarum

183 3966 396 4060 participem
420 3966 572 4037 reddidit
587 3970 607 4037 ¹.

288 4081 454 4152 Urbanus
477 4080 583 4174 Papa
612 4081 716 4152 VIII.
741 4089 803 4152 etc.
827 4083 1104 4152 Socrosouctum
1128 4082 1352 4174 Apostolatus
1370 4082 1613 4153 Ministerium
1628 4089 1693 4150 et..

191 4198 288 4269 Cum
312 4198 433 4290 itaque
455 4198 547 4266 sicut
569 4197 694 4266 dilecti
713 4197 787 4288 filii
806 4198 945 4286 fratres
968 4196 1108 4266 oreimis
1143 4197 1329 4266 Minoram
1362 4197 1398 4266 S.
1432 4196 1623 4267 Francisci
1650 4197 1694 4265 de

189 4312 428 4408 Obseruantia
445 4312 742 4402 Reformatorem
759 4321 1048 4404 riicncupatoram
1070 4312 1263 4382 Conn'tatus
1285 4313 1429 4404 Tyrolis
1446 4312 1556 4382 Nobis
1573 4335 1692 4403 nuper

183 4427 327 4520 eaponi
346 4429 522 4518 feceruut,
547 4427 621 4520 ipsi
642 4429 680 4496 in
721 4428 883 4520 Capitale
918 4426 1147 4497 Prouinciali
1170 4428 1223 4498 Re
1242 4429 1482 4498 minationem
1512 4427 1694 4519 reputaris

183 4543 251 4613 sui
273 4542 451 4626 instituti,
475 4542 697 4612 benedicente
719 4543 891 4628 Donn'no,
915 4544 1194 4635 acceptaverint,
1218 4568 1366 4636 eamque
1389 4545 1426 4613 in
1461 4544 1690 4631 repelaribus

190 4656 394 4730 Comitatus
415 4667 451 4727 et
476 4656 623 4728 Ordinis
648 4661 907 4752 praefatorum
930 4660 1093 4729 (teretibus
1130 4661 1403 4731 introduxerint
1425 4668 1459 4730 et
1478 4668 1688 4753 propterca,

183 4797 258 4869 quo
277 4774 484 4866 praemissa
507 4775 687 4863 firmioris
712 4775 847 4844 roboris
871 4775 1058 4845 caliditate
1080 4776 1290 4860 subsistant,
1317 4777 1453 4868 ipsique
1479 4777 1691 4868 inpiorum

182 4888 401 4960 huiusmodi
419 4912 570 4981 operum
592 4892 766 4960 emercitio
791 4891 915 4961 melius
933 4915 1169 4984 perseuerare
1193 4893 1351 4977 orileant,
1388 4893 1629 4984 acceptionem
1653 4901 1689 4961 et

304 5222 446 5277 ¹!anum.
465 5227 540 5278 Prav.
561 5226 650 5292 Tyrol.
670 5228 712 5279 cit.
732 5225 805 5279 Cant.
825 5225 881 5279 orb.
901 5229 1004 5292 seraph.
1033 5235 1050 5278 t.
1070 5227 1094 5278 5.
1115 5242 1175 5293 pag.
1196 5227 1247 5279 315
1274 5235 1299 5279 et
1327 5227 1447 5292 pluribus
1466 5241 1522 5293 sea
1543 5226 1626 5279 llurb.
1646 5230 1689 5279 cit.

187 5321 294 5379 flam.
314 5320 392 5376 ΡΜ.
411 5322 498 5390 tyrol.
518 5339 545 5392 p.
565 5325 599 5377 20
618 5331 667 5378 etc.

196 5450 212 5477 ἱ
