3766 6090
289 362 335 431 90
933 379 1136 429 cunouioou

289 501 612 591 Paxisclrafiensist,
633 501 676 571 D.
693 502 735 572 D.
754 501 887 571 Alberti
912 501 956 571 de
979 500 1199 591 Ortenburg,
1222 501 1287 593 Ep.
1311 500 1419 588 Tria,
1444 500 1478 570 in
1503 500 1704 596 Pontifical.
1732 501 1795 570 Vi-

288 618 402 689 661166
424 617 622 704 Generalis,
648 639 702 688 an.
731 615 815 686 1348
839 617 871 686 16
901 616 1033 709 Vigilia
1057 615 1267 688 Natiuitatis
1282 615 1420 687 Domini
1444 615 1599 687 Chorum
1622 622 1662 687 et
1679 617 1795 686 Aram

289 733 454 804 maiorem
478 733 512 802 in
536 733 698 804 honorem
724 733 785 803 SS.
809 731 943 819 Trinit,
967 731 1007 802 B.
1031 732 1074 802 V.
1092 732 1151 819 M,
1177 732 1239 803 SS.
1266 730 1308 800 12
1331 730 1588 823 Apostolorum,
1620 731 1796 825 principa·

288 849 369 920 liter
391 871 473 920 vero
496 848 530 918 in
563 850 725 920 honorem
752 848 786 918 S.
817 848 857 918 P.
886 846 1073 935 Francisci,
1100 870 1160 919 nec
1192 869 1256 917 non
1289 846 1350 918 88.
1375 846 1530 933 Antonii,
1553 845 1728 918 Ludovici
1756 856 1793 918 et

289 964 430 1054 Clarae,
454 963 496 1035 de
520 964 641 1056 quibus
665 962 845 1055 Reliquias
868 964 963 1034 Arae
979 962 1162 1054 intulerat,
1187 961 1417 1049 consecravit,
1441 970 1477 1032 et
1508 962 1792 1035 anniversarium

288 1080 333 1151 ad
357 1087 553 1172 sequentem
577 1078 669 1148 diem
694 1078 796 1148 lunae
821 1079 983 1171 reposuit.
1008 1078 1193 1164 Honricus,
1217 1077 1358 1148 Domini
1382 1077 1424 1148 de
1447 1077 1619 1148 Botschiis
1642 1077 1689 1149 de
1711 1079 1794 1149 Flo-

289 1197 403 1267 rentia
426 1201 606 1267 exsecutor
625 1203 660 1265 et
683 1194 1037 1264 Fideicommissarius
1060 1193 1274 1279 testamenti,
1301 1215 1357 1263 an.
1378 1193 1463 1265 1376
1478 1193 1523 1265 ad
1539 1193 1791 1285 perficiendum

288 1311 482 1404 campanile
505 1333 579 1381 sese
603 1308 802 1380 adstrinxit.
823 1309 1024 1400 Gregorius,
1043 1307 1107 1399 Ep.
1131 1307 1272 1394 Liscen,
1297 1309 1340 1379 D.
1363 1308 1406 1378 D.
1424 1309 1560 1379 Alberti
1583 1309 1731 1381 Comitis
1746 1310 1794 1380 de

289 1429 499 1519 Orieniiurg,
524 1426 588 1519 Ep.
624 1425 731 1514 Trul,
756 1426 789 1495 in
814 1425 1005 1497 Pontifical.
1030 1424 1189 1495 Vicarius
1209 1424 1407 1512 Generalis,
1432 1447 1487 1495 an.
1515 1424 1602 1498 1386
1631 1425 1704 1497 duo
1727 1425 1793 1497 Al·

289 1543 381 1613 taria
403 1543 438 1611 in
463 1541 606 1635 Capella
631 1542 665 1613 S.
690 1541 836 1625 loannis,
861 1540 960 1611 subin
989 1541 1023 1610 S.
1048 1541 1170 1610 Annae
1193 1547 1334 1627 vocata,
1365 1541 1629 1612 consecrationis
1667 1539 1794 1612 favore

289 1668 324 1728 61
358 1658 529 1729 consuetis
563 1656 790 1748 Indulgentiis
824 1656 959 1741 affecit,
986 1678 1051 1726 uno
1086 1656 1147 1727 SS.
1173 1655 1416 1747 Sigismundo,
1453 1655 1581 1726 Tribus
1609 1656 1792 1748 Regibus,

290 1773 439 1843 Antonio
455 1782 490 1842 et
513 1772 689 1859 Floriano,
706 1770 816 1842 altero
841 1794 922 1841 vero
948 1771 1009 1841 SS.
1035 1771 1169 1856 Annae,
1188 1770 1344 1856 01111166,
1369 1770 1581 1842 Catharinae
1597 1795 1639 1843 ac
1665 1772 1794 1842 Alexio

289 1888 411 1959 dicato.
436 1888 475 1957 P.
499 1888 640 1959 loannes
663 1887 705 1958 de
729 1887 891 1974 Memno,
916 1886 1081 1956 Minister
1097 1886 1301 1957 Provinciae
1325 1886 1505 1974 Austriae,
1523 1886 1558 1956 16
1582 1909 1675 1957 6666
1703 1909 1794 1959 6666

288 2005 341 2077 661
366 2003 548 2074 Minisurii
572 2005 682 2073 Aram
714 2025 840 2072 novam
864 2001 1031 2073 maiorem
1064 2002 1286 2074 inhonorem
1312 2002 1346 2074 S.
1371 2002 1546 2073 Francisci
1569 2002 1709 2074 exstrui
1734 2027 1794 2074 cu·

290 2122 393 2190 ravit.
418 2119 568 2209 Contigit
594 2118 656 2189 hoc
679 2119 772 2189 circa
796 2140 850 2188 an.
880 2117 981 2208 13993
1006 2118 1195 2190 enimvero
1220 2117 1313 2188 fatus
1336 2117 1392 2187 vir
1407 2116 1451 2188 ad
1475 2117 1711 2189 Ministerium
1735 2141 1793 2189 an.

293 2235 378 2306 1390
401 2244 586 2321 assumtus
612 2256 735 2304 norem
759 2232 856 2303 annis
880 2232 1079 2304 successivis
1103 2233 1167 2304 hoc
1190 2232 1286 2325 tulit3
1311 2232 1400 2303 unde
1424 2233 1518 2303 cadit
1541 2255 1596 2304 an.
1624 2230 1737 2320 1437,
1770 2257 1795 2304 a

290 2359 405 2423 nostro
429 2350 572 2421 Troiero
597 2349 788 2441 allegatus,
813 2370 892 2419 cum
923 2348 957 2418 in
982 2348 1045 2419 ho.-
1076 2348 1179 2420 Prov.
1205 2348 1367 2420 Austriae
1400 2349 1590 2442 praefuerit
1612 2349 1652 2420 P.
1680 2349 1794 2441 Sigis-

290 2466 454 2552 muudus,
479 2487 534 2535 au.
562 2464 834 2536 1465666661.

378 2580 557 2651 Heuricus
580 2580 652 2650 Dei
661 2580 786 2672 pratia
810 2580 1000 2651 Bolremiae
1014 2588 1049 2651 et
1071 2580 1241 2650 Polom'ae
1254 2582 1277 2666 ¹,
1303 2578 1387 2651 Kar
1399 2583 1423 2666 ³,
1446 2580 1615 2672 Tyroteos
1637 2588 1675 2650 et
1692 2579 1795 2651 Gri‘rz

295 2696 421 2767 Cernes.
454 2695 591 2766 Terrore
611 2696 856 2788 praesentium
873 2695 1178 2787 -reeopnoscimus,
1201 2694 1298 2789 quod
1327 2694 1402 2766 Nos
1425 2694 1467 2765 ob
1484 2696 1591 2787 pium
1622 2703 1658 2764 et
1677 2695 1795 2765 since-

288 2836 373 2882 rum
396 2814 580 2904 fauorem,
604 2835 672 2905 quo
700 2809 871 2882 Ordinem
896 2809 1076 2881 Fratrum
1100 2811 1288 2909 lituorum
1311 2810 1585 2902 amplectimur,
1609 2809 1806 2881 11666616,

287 2929 389 2998 rium
412 2927 568 2997 eiusdem
596 2927 764 3013 06116616,
790 2928 828 2996 iu
851 2927 991 2998 Boiano
1013 2927 1144 3011 situm,
1162 2935 1276 3018 prout
1300 2949 1404 2997 muro
1422 2925 1693 2997 circumdatum
1717 2951 1794 2999 6666

288 3042 523 3132 (6666661166,
547 3043 745 3134 recepimus
769 3044 808 3111 iu
831 3041 989 3113 Nostrae
1014 3043 1175 3113 tuitionis
1194 3043 1357 3131 aratiam
1380 3042 1590 3135 specialem,
1614 3041 1792 3130 66166166,

291 3165 364 3229 tam
390 3158 939 3251 166666116666161·ι’661,6666ι
970 3157 1123 3229 Fratres
1146 3158 1277 3228 ibidem
1307 3157 1486 3250 16966166,
1509 3181 1591 3228 cum
1622 3159 1793 3231 crucibus

289 3276 385 3345 iuter
401 3275 633 3368 praeelectum
657 3298 805 3344 murum
828 3275 991 3359 situatis,
1013 3274 1176 3367 ‹teiroceps
1198 3274 1261 3344 sub
1285 3272 1441 3345 Nostrae
1462 3273 1670 3345 securitatis
1694 3298 1792 3346 com·

289 3392 390 3462 ruodo
412 3391 568 3484 quietius
590 3391 799 3484 respirare,
830 3398 943 3460 61666
974 3414 997 3460 6
1020 3390 1257 3483 quorumtibet
1287 3389 1465 3461 violentiis
1486 3397 1524 3459 61
1553 3391 1707 3461 im'uriis
1730 3392 1792 3463 de·

288 3510 450 3598 1666666,
479 3506 754 3599 16666166166616
780 3505 958 3576 iudicibus
982 3505 1127 3576 Nostris
1155 3506 1193 3575 iu
1222 3507 1362 3577 Bouario
1390 3514 1426 3576 et
1448 3506 1486 3575 iu
1501 3508 1658 3597 -(fors
1693 3506 1792 3578 Vici-

289 3624 391 3712 616),
423 3624 489 3715 qui
514 3631 598 3692 6661
629 3646 743 3706 6666,
776 3622 830 3691 661
854 3645 926 3714 pro
960 3631 1115 3714 tempore
1146 3622 1310 3713 fuerim,
1342 3622 1504 3713 [irrm'ter
1534 3629 1569 3692 et
1596 3622 1790 3709 6116161616,

288 3746 461 3832 quatenus
486 3738 909 3830 1666161166661616166,
937 3737 1220 3830 616661161166
1251 3739 1288 3807 iri
1310 3738 1518 3808 huiusmodi
1546 3737 1706 3808 Nostrae
1728 3740 1789 3810 rte·

287 3856 460 3946 forisioris
479 3855 605 3945 ,qratia
633 3853 782 3924 (16116661
808 3856 1000 3944 efficaciter
1027 3878 1256 3940 6666616666,
1280 3878 1342 3925 666
1365 3854 1418 3925 eis
1440 3879 1464 3926 a
1490 3877 1697 3946 priscumque
1735 3857 1789 3926 iu-

287 3972 387 4062 16611
413 3972 651 4063 6616611661,
688 3979 762 4040 tam
799 3973 1017 4041 intransitu
1050 3995 1184 4064 aprum,
1219 3996 1328 4064 quam
1352 3972 1434 4043 aliis
1462 3972 1789 4066 perpraedictum

288 4111 437 4156 1666616
460 4086 736 4178 6616666166616,
761 4087 921 4181 aliquam
946 4089 1125 4157 iactmam
1149 4089 1203 4158 661
1224 4089 1421 4159 1661661166
1437 4087 1593 4161 Nostrae
1611 4092 1786 4180 ⁰oratioe⁴

395 4490 403 4524 ¹
421 4492 542 4555 Gouuuga
563 4491 587 4542 in
608 4491 682 4542 l‘rov.
703 4490 790 4553 Tyr-ol.
804 4488 885 4542 Conr.
906 4490 930 4542 3.
951 4489 1101 4542 iiraudisius
1114 4497 1178 4555 part.
1200 4491 1223 4542 ⁸2.
1245 4491 1269 4541 iu
1284 4490 1367 4558 ¹tquil.
1387 4490 1475 4556 Tyrol.
1496 4506 1521 4557 p.
1537 4488 1569 4542 17
1589 4499 1614 4544 61
1632 4491 1689 4543 118.
1705 4491 1787 4546 Wnrl.

288 4597 304 4641 t.
325 4593 348 4642 2.
369 4605 410 4642 un.
428 4588 542 4641 16611.
564 4589 619 4653 11.
638 4588 663 4638 7.
677 4598 717 4639 an.
742 4587 819 4652 1331,
834 4604 858 4639 u.
878 4589 919 4653 325,
935 4599 950 4642 t.
976 4590 1067 4640 1666.
1086 4587 1162 4652 riso,
1177 4603 1201 4640 n.
1222 4590 1281 4640 213.
1296 4589 1418 4641 11616661.
1438 4589 1494 4640 Pcz.
1517 4590 1543 4640 in
1565 4588 1629 4642 Cod.
1644 4590 1786 4655 Diplomni.

287 4702 332 4739 scu
353 4696 368 4739 1.
389 4685 583 4738 61666666.
604 4692 661 4750 part
689 4687 713 4737 3.
738 4685 901 4750 673661.
929 4688 952 4737 2.
973 4687 1064 4737 Troici
1085 4688 1108 4736 in
1134 4684 1601 4739 011166.1161611661611601666.
1626 4688 1677 4740 661.
1702 4689 1734 4741 tt)
1762 4698 1789 4742 et

287 4784 335 4849 52,
355 4793 402 4837 616.
421 4782 494 4834 Com.
514 4782 575 4835 Orb.
596 4785 703 4848 Sornpir.
724 4792 739 4835 t.
761 4783 785 4834 3.
807 4798 831 4848 p.
852 4784 902 4834 333
921 4790 1018 4850 etseq.
1039 4783 1133 4835 Cirrnu.
1155 4784 1377 4849 1166161016.
1401 4785 1448 4836 iat
1468 4790 1516 4836 616.
1539 4785 1652 4837 Manum.
1672 4787 1726 4852 cit,
1749 4791 1787 4841 uti

286 4888 312 4935 ot
332 4884 405 4935 Prov.
426 4884 497 4934 Aust.
516 4881 685 4934 Conveniam.
707 4881 762 4933 Fae.
784 4882 858 4934 l‘rov.
878 4884 963 4933 Austr.
983 4896 1009 4946 p.
1031 4881 1063 4933 ts
1082 4888 1130 4934 616.

393 4979 403 5014 ⁹
423 4981 543 5045 iiognum
564 4981 613 5032 troc
631 4978 817 5044 praetendebat
835 4993 887 5047 qua
907 4980 960 5032 Rex
980 4978 1126 5032 Bonenriac.

392 5077 404 5112 ³
423 5077 605 5143 Subinteltigc:
626 5076 781 5132 Corinthiae
803 5077 873 5131 Dur.

394 5174 520 5229 ‘Sensus
538 5177 597 5229 erit:
617 5178 667 5228 1166
690 5176 756 5228 iacto
780 5175 929 5229 obtinebitis
954 5176 1073 5229 Nostram
1093 5178 1216 5242 gratiani,
1236 5183 1281 5229 aut
1299 5177 1351 5231 sic:
1371 5177 1392 5229 si
1417 5177 1502 5230 velitis
1525 5178 1636 5243 gruttam
1657 5177 1787 5233 Nostrum

288 5273 413 5327 obtinere.
