3750 6082
463 368 630 420 eaomuc.
654 368 784 420 ernon.
807 370 861 421 rr.
885 370 1011 421 uruca.
1035 370 1166 421 annon.
1523 351 1569 423 45

54 490 167 579 dens,
193 492 289 563 utin
314 491 545 564 Conventibus
566 501 602 563 et
626 492 790 564 Ecclesiis
806 494 956 587 propriis
979 516 1021 564 ac
1045 494 1167 565 alienis
1182 517 1204 563 a
1218 493 1400 564 Fratribus
1422 494 1507 564 Min.
1527 494 1571 565 de

51 606 206 680 Observ.
231 607 386 699 regulari
409 615 445 678 et
476 608 640 680 strictiori
666 608 733 679 Via
758 610 878 680 Crucis
902 609 988 702 erigi
1014 610 1130 702 possit.
1163 609 1345 680 Provincia
1368 608 1569 703 T‘yrelensis

55 720 128 795 hoc
151 724 283 796 eximio
306 724 426 795 lavore
450 747 528 812 usa,
553 723 651 795 illam
674 724 778 818 paulo
803 734 879 818 post
902 726 936 795 in
961 727 1031 797 suis
1054 725 1235 796 domiciliis
1258 749 1300 796 ac
1323 725 1503 812 Ecclesia,
1528 749 1569 796 ac

52 840 254 911 successive
278 840 313 910 in
337 839 432 928 aliis,
466 841 525 911 vix
548 840 583 910 in
608 863 787 911 numerum
815 840 1029 932 redigendiS,
1054 864 1130 911 cum
1158 841 1296 911 foenore
1324 840 1450 913 salutis
1473 841 1570 934 spiri-

55 954 169 1025 tualis
184 955 395 1047 amplissimo
418 956 541 1028 erexit.
567 959 631 1026 An.
659 957 744 1028 1737
778 958 872 1028 vitae
907 957 985 1027 huic
1011 956 1172 1027 ultimum
1197 956 1397 1027 valedixit
1429 979 1570 1050 praeno

58 1068 158 1157 bilis,
183 1094 224 1142 ac
248 1079 392 1143 strenua
415 1071 457 1142 D.
483 1073 600 1143 Maria
624 1073 811 1143 Francisca
834 1073 968 1159 Praun,
993 1073 1191 1144 Proviciam
1220 1072 1337 1164 legato
1371 1073 1440 1144 500
1470 1073 1570 1143 fiore-

58 1207 187 1258 nerum
210 1187 246 1257 in
269 1188 340 1260 suis
364 1189 624 1260 necessitatibus
648 1189 833 1260 adiuvans.
850 1198 853 1202 '
869 1189 1082 1260 Gratitudini
1115 1212 1199 1280 ergo
1223 1212 1285 1282 pro
1318 1188 1382 1259 hnc
1408 1187 1571 1259 laneficio

60 1312 100 1373 et
124 1302 204 1375 aliis
233 1303 389 1398 pluribus
411 1305 446 1375 in
477 1305 633 1377 omnibus
656 1305 861 1377 Provinciae
885 1305 1119 1376 Conventibus
1143 1328 1205 1399 pro
1236 1305 1352 1375 anima
1384 1305 1569 1386 deiunctae

59 1440 134 1490 uno
158 1418 279 1506 Sacro,
303 1443 345 1490 ac
369 1420 489 1493 Officio
512 1403 763 1493 Defunctornm
788 1430 1008 1515 parentatum
1036 1401 1137 1492 fnitl.

156 1534 211 1604 40.
236 1536 336 1606 Anno
363 1536 449 1606 1740
472 1537 637 1608 Sereniss.
666 1538 784 1608 Maria
811 1537 995 1624 Therasia,
1025 1537 1139 1607 Caroli
1164 1537 1224 1606 Vl.
1242 1538 1462 1629 Imperatoris
1484 1536 1568 1624 filia,

60 1650 192 1720 coniux
216 1651 408 1739 Francisci‚
425 1676 469 1723 ex
488 1653 622 1724 Ducum
639 1653 964 1744 lotharingicorum
988 1654 1148 1747 prosapia
1164 1653 1312 1740 oriundi,
1331 1654 1483 1724 habenas
1500 1664 1569 1723 ter-

64 1786 189 1835 rarum
213 1767 420 1839 Austriacae
443 1768 559 1841 domui
585 1770 819 1840 subiectarum
848 1770 1045 1863 capessivit,
1071 1793 1151 1839 mox
1174 1770 1300 1861 ubique
1325 1794 1346 1840 a
1378 1770 1571 1840 numerosis

63 1879 223 1952 hostibus
247 1885 365 1975 petita,
390 1907 413 1954 a
436 1883 509 1954 Deo
525 1892 642 1954 tamen
665 1885 873 1954 mirabiliter
889 1884 1041 1954 defensa.
1065 1885 1172 1970 Haec,
1190 1884 1306 1955 bello²
1327 1885 1415 1954 inter
1431 1883 1569 1954 domurn

63 1996 291 2068 Austriacam
316 2006 351 2068 et
386 1998 596 2070 Bavaricam
627 2000 794 2086 fervente,
819 2000 1010 2086 decretum,
1041 2000 1203 2070 Ministro
1227 2000 1431 2070 Provinciae
1459 1999 1570 2090 'Pyro-

63 2110 175 2184 lensis
208 2135 265 2183 an.
294 2112 379 2185 1743
402 2114 614 2186 insinuatum
637 2115 748 2202 cudit,
778 2139 845 2206 quo
868 2116 898 2186 ei
923 2116 1089 2202 inhibuit,
1122 2138 1163 2186 ne
1186 2115 1403 2202 candidatos
1436 2138 1479 2186 ex
1503 2115 1570 2185 Ba-

60 2227 166 2297 varia
190 2228 355 2301 oriundos
389 2231 566 2323 suscipiat,
592 2239 654 2301 aut
684 2244 862 2324 susceptos
887 2231 930 2299 ad
955 2231 1067 2302 officia
1092 2232 1334 2325 Superioratus
1361 2241 1569 2322 promoveat.

63 2342 261 2432 Viaticum,
286 2369 354 2438 quo
378 2347 598 2417 Franciscaui
623 2357 658 2417 et
682 2348 864 2440 Capuccini
888 2371 949 2438 per
972 2348 1128 2440 Tyrolim
1146 2348 1212 2417 iter
1230 2347 1411 2432 facientes,
1441 2346 1473 2414 in
1497 2346 1569 2436 qui-

63 2459 212 2532 busdam
236 2461 406 2555 Tyroleos
430 2463 585 2554 hospitiis
608 2464 654 2533 ab
678 2463 945 2534 immemorabili
962 2469 1116 2554 ternpore
1135 2462 1370 2532 munificentia
1386 2463 1570 2549 Augustis·

59 2577 175 2647 simae
206 2576 329 2649 domus
360 2579 568 2650 Austriacae
601 2579 827 2664 fruebantur,
867 2581 911 2648 ob
942 2578 1031 2648 dura
1064 2579 1143 2649 belli
1173 2588 1328 2672 tempora
1359 2600 1449 2647 anuo
1486 2576 1572 2646 1745

60 2693 224 2764 cessavit
248 2695 314 2763 An.
349 2693 433 2764 1746
456 2694 715 2785 Benignissime
733 2696 819 2764 haec
844 2695 1108 2764 Austriacarum
1125 2704 1300 2764 terrarum
1323 2693 1473 2763 Domina
1488 2715 1570 2781 gra·

62 2809 148 2892 tias,
174 2807 356 2880 Coenohiis
390 2808 632 2880 Franciscanis
667 2811 699 2880 in
724 2810 882 2896 Austria,
920 2811 1057 2902 Styria,
1094 2809 1287 2895 Carniolia,
1317 2807 1500 2878 Carinthia
1535 2817 1571 2875 et

62 2921 188 3015 Tyroli
212 2945 408 3011 concessas
432 2926 586 3017 sequenti
611 2918 765 3012 decretu,
794 2949 816 2996 a
848 2949 902 2994 me
934 2948 977 2995 ex
1001 2926 1242 2996 Gerrnanismo
1265 2924 1309 2994 ad
1344 2924 1568 2994 Latinismum

63 3039 243 3127 traducto,
272 3039 416 3110 munivit
429 3043 452 3110 ¹.

539 3272 629 3343 Nos
661 3273 818 3342 Mania
849 3271 1102 3343 Tnnansrn.

163 3498 236 3569 Dei
260 3501 385 3590 ‚oratio
415 3501 583 3573 Romano
614 3503 867 3596 Imperatr-icc,
899 3504 1038 3591 Repiuo
1065 3503 1303 3587 Germaniae,
1337 3503 1570 3593 Huuporiue,

66 3614 282 3700 Bohema'oe,
306 3616 530 3702 Delmatiae,
561 3617 739 3703 Grootrbe,
763 3620 977 3689 Scloooeioe
999 3626 1073 3706 etc,
1101 3618 1357 3688 Archiilucisso
1382 3619 1571 3702 (lustriae,

66 3730 224 3802 Dimisso
247 3730 496 3822 Burqundrue,
519 3733 680 3826 Styrioe,
702 3734 926 3819 Corinthiae,
949 3733 1152 3803 Cornioh'oe
1168 3741 1204 3802 et
1226 3733 1569 3823 Wurtenberqeusis,

71 3846 264 3917 Correitisso
288 3846 547 3939 Hubsburqr'ea,
564 3847 779 3931 Flunrlriue,
803 3850 985 3943 Tyroleoa
1007 3849 1173 3918 Goritioe
1196 3873 1238 3918 oc
1264 3849 1474 3919 Grodiscur.
1496 3848 1571 3917 Du-

64 3963 162 4033 cissa
185 3961 442 4053 Lotharieqico
464 3974 501 4033 et
521 3963 703 4034 Berensis.
728 3965 865 4057 Moeno
889 3966 1041 4035 Ducz'ssu
1072 3965 1232 4035 Trascr'ee.

167 4077 389 4168 Confiteinur
405 4102 477 4172 pro
501 4079 630 4163 Nobis,
656 4079 802 4150 Nostris
816 4081 1026 4150 laceraretur
1049 4088 1085 4148 rt
1101 4081 1255 4172 posteris
1274 4079 1413 4171 publice
1437 4077 1499 4148 hoc
1517 4079 1572 4145 di-

64 4193 226 4285 plomete
246 4200 284 4263 et
305 4201 425 4263 vetram
454 4196 612 4287 succinus
644 4197 824 4280 orneibes,
855 4197 951 4290 quod
972 4196 1084 4265 Nobis
1115 4195 1328 4265 peierantes
1353 4194 1569 4282 Itelipioses,

67 4307 222 4379 dilectus
237 4333 279 4379 oe
294 4309 439 4379 erotus
454 4311 632 4380 Antonius
648 4310 886 4396 Frizeustein,
908 4312 993 4382 orit.
1011 4311 1047 4381 S.
1061 4311 1251 4380 Fruncrsci
1266 4310 1428 4401 Reform.
1447 4310 1569 4378 Strz'ct.

74 4422 334 4495 Observantioe
357 4426 395 4495 ira
411 4427 564 4496 Australi
588 4427 758 4497 Minister
775 4428 1033 4511 Prom'nciolis,
1051 4451 1122 4519 per
1141 4427 1214 4516 fide
1228 4426 1339 4516 (liquo
1363 4424 1571 4517 opopreplro

67 4539 272 4610 humillime
291 4543 516 4633 reposuerit,
539 4542 637 4636 quod
651 4544 919 4635 potentissimus
943 4568 984 4613 uc
1009 4544 1163 4612 inm'ctus
1197 4541 1371 4633 Princeps
1393 4540 1570 4610 111111111-

71 4680 140 4725 nus
161 4655 311 4727 Carolus
341 4656 401 4727 VI.
414 4657 592 4748 pluriesoe
617 4660 812 4728 raemoriae
828 4659 980 4729 Reman.
999 4658 1218 4751 Imperator,
1236 4656 1450 4748 Hispaniae,
1468 4656 1572 4725 Hun-

65 4771 202 4863 paratae
233 4795 274 4842 ac
305 4772 498 4844 Bolaerniee
526 4773 608 4844 Rea·
629 4781 709 4860 etc,
741 4774 933 4845 Archr‘duar
964 4775 1155 4858 Austrr'ue,
1186 4773 1319 4843 Noster
1349 4773 1385 4840 in
1420 4772 1571 4841 Domino

181 5060 190 5095 ¹
211 5062 325 5115 1111111111.
344 5062 418 5116 outa
437 5067 463 5114 et
481 5064 546 5115 varii
565 5068 685 5116 auctores
703 5063 736 5115 dc
754 5062 802 5116 Via
822 5060 912 5116 Crucis
930 5071 1045 5129 agentes.

179 5159 265 5212 ι1101
282 5174 324 5213 au.
345 5159 409 5213 1711
433 5161 548 5227 initium,
567 5166 593 5213 et
611 5176 652 5214 un.
673 5159 742 5214 1715
761 5161 840 5213 lluem
860 5161 958 5214 habuit

179 5256 193 5292 ⁸
211 5258 324 5311 1101111111.
343 5259 419 5311 Pror.
432 5261 564 5327 1111111111,
583 5273 614 5313 nc
626 5260 754 5325 'l'yroleos
768 5260 928 5313 franciscae.
941 5261 1078 5313 relationes
1090 5259 1154 5310 intra
1168 5272 1209 5309 an.
1226 5255 1294 5309 1710
1307 5264 1333 5310 at
1346 5255 1379 5308 16
1392 5262 1551 5309 emanantes
