3750 6082
481 364 635 414 PROVINO
670 363 799 414 TYROL.
822 365 876 415 FF.
901 365 1024 416 MINOR.
1049 365 1179 416 RESOR.
1536 345 1583 418 29

83 489 140 557 tui
163 487 476 579 [informationem
504 489 541 555 in
564 487 631 559 liac
666 487 862 559 Provincia
898 488 1034 559 Nostra
1068 487 1260 582 Tyrolcnsi
1279 490 1432 560 diversis
1468 489 1583 559 modis

73 603 300 698 perturbare
332 605 566 690 tentaverint,
583 628 656 698 pro
680 606 783 675 cuius
807 605 1011 676 inviolabili
1032 607 1297 677 conservatione
1320 613 1357 676 et
1380 606 1584 698 inteqritate

78 721 343 792 Serenissimus
357 722 536 813 qnondam
552 720 693 792 Parens
717 721 849 792 Noster
873 721 1067 792 Arcbi'duic
1090 721 1261 791 Austriae
1284 720 1489 815 Leopoldus
1509 722 1582 813 qlo-

79 839 202 908 riosac
224 838 421 908 memoriae
444 839 698 908 auctoritatem
721 861 825 908 suam
848 847 884 908 et
904 838 1087 908 auxilium
1108 839 1229 929 riqorc
1243 839 1380 908 decreti
1392 838 1582 908 cuiusdam

79 953 146 1022 sab
168 953 225 1022 die
247 961 351 1024 sancta
379 952 539 1024 Octobris
561 978 619 1025 aii.
646 953 754 1024 1629
790 955 955 1025 emuncti
986 954 1177 1024 clementor
1213 954 1437 1046 interposuit.
1474 955 1583 1023 Nunc

80 1092 168 1139 vcro
189 1069 370 1161 separatis
393 1092 416 1138 a
451 1067 650 1140 Provincia
682 1069 718 1139 S.
744 1070 897 1140 Antonii
929 1071 1048 1156 (cuius
1080 1070 1164 1140 olim
1188 1069 1348 1140 membra
1372 1073 1493 1161 fuere)
1517 1093 1582 1140 scic

88 1186 337 1272 Conventibiis,
361 1185 528 1257 videlicet
555 1186 778 1272 Tridentino,
802 1188 978 1272 Arcensi,
1003 1187 1249 1272 Roborctano,
1277 1186 1454 1271 Olcsiano,
1487 1186 1583 1255 Bur-

77 1303 185 1392 ,qemi
202 1311 240 1371 ct
260 1301 486 1391 Perqiiicnsi‘,
502 1310 538 1372 et
552 1311 670 1374 erecta
686 1327 735 1373 an
751 1303 824 1373 illis
840 1307 932 1373 nova
950 1302 1151 1373 Provincia
1173 1302 1210 1373 S.
1242 1302 1391 1395 Viqiln',
1415 1328 1437 1371 a.
1462 1300 1585 1372 Patri-

81 1418 150 1489 bus
172 1419 328 1488 eiusdem
360 1426 486 1489 contra
521 1417 737 1488 Provinciae
774 1427 856 1489 tuae
884 1419 920 1489 S.
946 1417 1122 1511 Leopoldi'
1148 1417 1368 1504 Conventus,
1391 1442 1584 1512 eoinimquc

81 1535 239 1629 quietem
261 1543 296 1604 et
320 1534 620 1628 tranquillitatem
643 1558 692 1604 eac
708 1533 895 1626 probabili
913 1535 1118 1630 coniectura
1141 1535 1374 1625 multifariae
1391 1534 1584 1626 perturba-

83 1651 197 1719 tiones
218 1658 255 1720 et
275 1649 557 1720 imicliinationcs
579 1650 784 1739 continqere
802 1657 968 1742 possent;
991 1657 1183 1742 eapropter
1218 1648 1394 1719 laudabili
1423 1649 1584 1740 enciiiplo
1608 1634 1611 1639 ⁵

88 1764 323 1834 Serem'ssinii
336 1763 462 1835 Patris
476 1764 607 1835 Nostri
627 1765 861 1849 i'iibaerentes,
878 1788 916 1835 co
932 1788 1015 1835 casu
1041 1765 1109 1834 tibi
1128 1765 1327 1835 subsidium
1351 1772 1388 1833 et
1395 1765 1585 1857 protectio

82 1902 167 1949 nem
191 1880 369 1950 Nostram
390 1880 485 1951 bisce
519 1881 606 1951 adca
625 1882 899 1974 promittimus,
924 1890 965 1950 ut
996 1880 1133 1950 dictam
1165 1880 1400 1951 Provinciam
1427 1888 1525 1950 tuam
1548 1882 1584 1950 S.

88 1994 268 2089 Lcopoldi
288 1997 505 2066 auctoritate
528 1997 673 2066 Summi
695 1996 886 2088 Pontificis
912 1997 1085 2088 Grcqoiii
1104 1995 1220 2067 XIII.
1244 2019 1307 2066 nec
1329 2019 1396 2065 non
1420 2018 1586 2065 consensu

90 2110 283 2181 Generalis
310 2111 461 2182 Ordinis
482 2112 650 2182 Ministri
669 2120 826 2182 erectam
850 2121 885 2181 et
908 2113 1111 2182 institutam
1135 2111 1179 2181 ab
1201 2112 1302 2181 omni
1318 2112 1586 2204 perturbatione

86 2225 244 2297 liberam
266 2235 304 2297 et
325 2227 521 2297 immunem
544 2250 634 2314 esse,
669 2251 732 2298 nec
766 2236 892 2298 contra
927 2229 1004 2298 rius
1037 2229 1192 2321 quictem
1216 2235 1253 2297 et
1272 2228 1454 2318 sinqulari
1472 2227 1587 2297 cultus

83 2342 209 2412 divini
228 2344 299 2414 zelo
316 2344 511 2437 probatam
536 2344 891 2415 administrationem
914 2345 1110 2439 quidquam
1141 2345 1349 2429 immutari,
1379 2345 1494 2414 statui
1522 2353 1587 2413 aut

84 2459 270 2545 innovari,
294 2460 357 2530 scd
379 2461 503 2531 omnia
529 2462 566 2530 in
590 2484 739 2553 corpore
761 2486 824 2533 suo
848 2466 975 2554 (prout
1005 2462 1197 2555 liiicnsque)
1233 2461 1485 2531 inviolabiliter
1506 2484 1586 2530 con-

81 2576 231 2646 seruari
251 2585 285 2645 et
308 2577 527 2662 continuari,
559 2601 621 2647 iicc
657 2576 852 2669 Oeni'pontc
885 2602 947 2648 nec
979 2578 1068 2648 alibi
1095 2578 1273 2648 ditionum
1297 2578 1520 2649 Nostrarum
1543 2577 1587 2646 (bc

83 2691 204 2761 simili
219 2692 514 2785 perturbatione,
542 2693 742 2763 mutatione
770 2693 827 2762 vel
848 2695 975 2787 quavis
999 2694 1075 2763 alia
1098 2693 1360 2763 machinatione
1382 2700 1508 2763 contra
1531 2693 1587 2761 di-

83 2815 182 2877 ctam
206 2807 439 2879 Provinciam
466 2817 579 2895 tuam,
602 2811 746 2901 eiusque
769 2810 1119 2880 administrationem
1142 2811 1339 2879 etiamnum
1353 2809 1586 2878 discurrendo

82 2925 285 3019 quidquam
314 2926 456 2996 moseri
477 2926 637 2997 velimus.
673 2926 870 2997 Hortantes
906 2935 938 2996 tc
962 2927 1125 3018 insuper,
1148 2935 1190 2995 ut
1211 2927 1302 2996 banc
1324 2925 1498 2995 Nostram
1521 2925 1586 2993 clc·

84 3042 347 3112 meritissimum
372 3043 604 3113 intentionem
628 3043 693 3112 ubi
712 3066 801 3135 opus
823 3043 953 3135 fucrit,
970 3042 1152 3135 publicam
1176 3043 1293 3133 sarias
1315 3049 1376 3112 etc.
1400 3063 1585 3110 reservan-

84 3165 136 3227 tes
159 3156 273 3227 Nobis
296 3158 335 3225 iii
358 3160 589 3228 contrarium
612 3148 777 3228 orientum
802 3167 868 3230 aut
901 3164 1069 3228 conatum
1105 3159 1227 3228 omnia
1260 3158 1422 3227 renuntia
1455 3156 1586 3227 debitis

81 3273 198 3344 modis
212 3280 250 3342 ct
263 3272 347 3343 locis
369 3273 581 3344 adbibenda.
612 3273 776 3345 Ceterum
796 3283 828 3344 te
843 3283 877 3345 et
901 3273 1055 3344 Fratres
1074 3284 1149 3344 tuas
1164 3274 1349 3343 clementia
1371 3281 1408 3341 ct
1429 3273 1585 3362 beiiiqni-

84 3397 162 3458 tate
184 3387 322 3458 Nostra
344 3390 511 3480 foventes.

176 3504 293 3576 Dalac
321 3504 505 3598 Ocniponl.
531 3506 593 3575 16.
620 3505 800 3576 Ianuarii
819 3506 922 3575 Anno
949 3504 1066 3575 1653.

176 3735 439 3806 transmissus
463 3735 630 3806 Canobus
955 3737 1004 3806 ad
1025 3736 1244 3806 Mandatum
1269 3737 1499 3804 Saevissimi

143 3853 326 3949 Ariminus
350 3852 658 3944 G1RARD1Mppr.
922 3852 1071 3921 Domini
1092 3851 1307 3920 Arcln'ducis
1326 3852 1523 3943 proprium

1010 3969 1163 4037 Annuus
1188 3968 1397 4037 Gnasrnnn.

175 4200 230 4272 25.
255 4200 409 4271 Michael
432 4200 589 4292 Angelus
622 4200 665 4270 de
701 4200 890 4286 Sambana,
928 4201 1087 4271 Minister
1110 4200 1292 4271 Generalis
1316 4200 1420 4269 totius
1444 4199 1584 4269 Ordinis

86 4317 267 4409 Seraphici
291 4338 345 4386 an.
374 4316 461 4387 1660
481 4316 704 4403 facultatem,
729 4317 1051 4388 confraternitatem
1077 4314 1368 4406 Chordigerorum
1389 4316 1421 4382 in
1437 4324 1585 4405 quatuor

85 4432 316 4503 Conventibus
339 4433 475 4505 noviter
497 4433 621 4503 erectis
644 4432 849 4504 Provinciae
875 4432 1094 4524 TyrolrnsiS‚
1111 4432 1266 4523 erigendi
1284 4430 1461 4524 impendit.
1480 4430 1586 4498 Prae-

84 4547 209 4620 nobilis
232 4571 274 4618 ac
296 4549 521 4620 devotissima
543 4549 653 4639 Virgo
679 4548 813 4641 Sybilla
837 4548 880 4618 de
908 4548 1162 4620 Wincklhoten
1188 4547 1276 4617 1100
1298 4547 1443 4618 florenos
1468 4546 1500 4614 in
1525 4569 1585 4637 pa·

85 4672 167 4736 rata
188 4666 334 4758 pecunia
350 4688 412 4757 pro
428 4663 595 4735 aediliciis
614 4664 815 4735 Provinciae
840 4665 1041 4757 Tyroleusis
1056 4665 1300 4758 prosequendis
1315 4670 1350 4732 et
1367 4662 1447 4734 aliis
1470 4683 1585 4731 ncces·

85 4782 247 4852 sitatibus
268 4780 507 4874 suppeditans,
542 4802 603 4851 nec
639 4803 703 4851 non
738 4803 908 4872 generosa
942 4780 1090 4850 Domina
1125 4780 1201 4850 Eva
1236 4780 1279 4850 de
1303 4778 1518 4866 Hochenepp
1541 4775 1584 4844 de

86 4895 245 4988 Vilsegg,
262 4905 346 4967 nata
361 4896 404 4966 de
420 4896 601 4990 Freyberg
617 4904 681 4967 etc.
695 4896 811 4967 Vidua
827 4896 969 4967 Tertiae
982 4895 1142 4987 Regulae
1160 4895 1194 4965 S.
1209 4894 1382 4964 Francisci
1400 4892 1583 4983 adscripta,

87 5013 121 5082 in
144 5011 277 5083 ultimis
300 5011 430 5084 tabulis
453 5011 556 5082 Vilsii
581 5035 637 5083 au.
664 5012 751 5083 1640
772 5012 917 5083 conditis
947 5011 1149 5083 Provinciae
1174 5011 1285 5081 eidem
1316 5016 1488 5079 trecentos
1524 5005 1584 5076 flo-

88 5150 189 5199 renos
210 5149 360 5198 nnacum
383 5127 576 5215 Cleiuodiis,
601 5150 679 5197 cum
704 5150 825 5214 onere,
842 5137 881 5198 ut
895 5127 964 5199 500
985 5150 1086 5198 sacra
1109 5135 1188 5196 ante
1212 5126 1340 5196 obitum
1358 5132 1394 5193 et
1415 5123 1485 5194 500
1507 5132 1582 5215 post

88 5242 191 5314 istum
215 5241 411 5331 litarentur,
435 5242 574 5334 legans,
598 5244 700 5313 istam
724 5243 787 5314 sibi
812 5251 910 5313 arcta
933 5242 1156 5335 gratitudinis
1180 5240 1315 5311 vinculo
1340 5239 1583 5310 devinxerunt.
