3750 6082
470 471 635 522 rnovruo.
659 471 789 523 ruam..
813 472 868 523 rr.
894 472 1018 522 niuea.
1043 472 1173 522 aaron.
1527 454 1573 524 69

57 593 197 681 nensis,
222 593 315 664 tilius
339 594 454 666 Caroli
478 593 613 686 Magni.
641 593 693 668 15.
718 594 753 664 S.
777 593 998 688 Stephanus,
1023 595 1225 685 Hungariae
1248 595 1337 666 Rex.
1365 596 1415 666 16.
1442 597 1476 666 S.
1510 596 1572 667 Ve-

59 710 239 795 6661166,
265 709 378 796 miles,
403 709 482 781 dein
507 710 675 784 Eremita.
703 712 755 783 17.
782 710 816 780 S.
848 710 1097 783 Wuldctrndis
1120 711 1319 782 Harmoniae
1350 711 1535 783 Comitissa
1550 716 1571 782 ¹.

158 824 214 895 62.
240 824 435 897 Succedunt
458 847 519 896 sex
543 825 634 898 aliae
658 835 817 915 statuae,
843 828 885 898 de
908 827 1033 919 quibus
1056 849 1099 897 ex
1125 825 1229 897 meris
1258 826 1461 896 coniecturis
1486 828 1570 897 Per·

62 960 186 1030 sonae,
204 940 246 1011 iis
262 940 450 1029 indicatae,
467 951 636 1014 constant.
656 943 723 1014 Per
739 944 905 1035 primam,
930 941 1189 1037 Episcopalihus
1211 941 1400 1032 insignibus
1416 951 1451 1012 61
1476 941 1569 1035 61666

63 1056 104 1125 16
123 1079 226 1127 mauu
245 1056 348 1128 laeva
364 1056 586 1146 instructam,
604 1081 687 1130 vero
703 1058 850 1130 similius
866 1058 1072 1151 intelligitur
1089 1059 1124 1129 S.
1143 1057 1375 1149 flariulphus,
1394 1057 1429 1126 S.
1447 1057 1568 1129 Dodae

65 1172 235 1258 ruaritus,
259 1173 358 1244 subin
383 1173 549 1244 Metensis
573 1173 775 1267 Episcopus,
802 1174 976 1244 mediante
1001 1174 1126 1244 annulo
1149 1172 1184 1241 16
1207 1195 1317 1264 aquas
1340 1173 1508 1265 proiecto,
1533 1180 1569 1243 61

64 1298 147 1382 post
169 1287 286 1382 plures
301 1310 408 1361 annos
424 1290 458 1360 16
473 1290 563 1383 pisce
579 1291 726 1378 invento,
744 1290 787 1360 de
804 1291 1002 1361 remissione
1021 1298 1237 1382 peccatorum
1255 1288 1380 1360 certior
1406 1288 1569 1377 redditus,

64 1416 106 1475 et
131 1426 220 1476 anno
241 1405 310 1478 640
331 1427 378 1476 ex
401 1406 558 1476 rivorum
584 1429 727 1478 numero
750 1406 916 1478 sublatus,
941 1406 1009 1476 Per
1044 1405 1228 1476 secundam
1262 1406 1296 1475 S.
1335 1396 1569 1497 Clodnlpbns,

65 1520 170 1592 istius
192 1520 365 1615 Aruulphi
390 1521 502 1608 filius,
528 1522 608 1592 tidei
633 1522 834 1595 Catholicae
858 1531 1018 1593 strenuus
1049 1520 1225 1608 defensor,
1255 1520 1355 1590 subin
1380 1520 1569 1613 Episcopus

65 1635 244 1706 Metensis.
270 1635 339 1706 Per
363 1637 502 1707 tertiam
527 1638 562 1708 S.
582 1638 749 1724 Gndrdn,
773 1638 851 1708 aliis
879 1637 1026 1722 Gadita,
1043 1636 1197 1728 Witgeri
1227 1645 1263 1706 61
1280 1636 1315 1708 S.
1333 1636 1568 1728 Amelbergae

63 1750 156 1821 11116.
180 1750 249 1821 Per
272 1759 436 1842 quartam
460 1750 616 1846 Papinns
638 1753 682 1822 de
698 1752 852 1838 Laudis,
870 1754 950 1822 Dux
969 1752 1193 1837 lirahautiae,
1211 1751 1451 1823 Carolomanni
1469 1750 1571 1822 Prin·

63 1867 156 1960 cipis
170 1877 205 1937 et
228 1866 460 1959 Acmegardis
483 1867 585 1956 filius,
603 1867 719 1940 Caroli
745 1868 993 1939 Hasbanieusis
1010 1868 1152 1938 Comitis
1170 1889 1287 1959 nepos,
1305 1867 1422 1937 Maior
1445 1866 1567 1937 domus

67 1981 108 2050 in
131 1982 315 2053 Austrasia
337 1982 469 2053 eximia
493 1983 624 2053 virtute
649 1983 812 2069 donatus,
838 1984 894 2075 qui
920 1984 1019 2053 iuxta
1043 1981 1201 2053 Bolland.
1227 2004 1281 2053 au.
1316 1982 1384 2053 616
1406 1981 1507 2069 obiit,
1531 1991 1568 2053 et

66 2096 232 2190 primitus
254 2096 383 2167 Laudis
404 2120 468 2168 sua
499 2099 630 2190 patria,
655 2098 734 2169 dein
759 2098 908 2170 Nirellis
923 2099 1080 2169 conditus
1098 2098 1173 2168 fuit.
1198 2098 1266 2168 Per
1289 2099 1446 2189 quintam
1470 2098 1569 2169 iutel-

65 2212 193 2305 ligitur
217 2212 252 2284 S.
282 2212 427 2299 Trade,
452 2215 648 2285 Hasbauiae
666 2215 862 2307 Apostolus,
881 2215 1009 2285 virtute
1026 2215 1190 2307 inclytus,
1208 2237 1263 2285 au.
1287 2214 1356 2285 693
1378 2215 1568 2286 defunctus.

65 2329 144 2400 Per
167 2339 301 2400 sextam
327 2329 361 2400 S.
392 2329 598 2400 Vincentius
620 2354 682 2402 seu
705 2330 970 2421 ridmlclnurius,
989 2333 1095 2418 miles,
1114 2333 1261 2403 maritus
1277 2343 1313 2402 et
1329 2332 1470 2403 tandem
1487 2333 1570 2425 piis·

66 2447 182 2515 simus
197 2444 401 2517 Monachus.
420 2444 455 2516 Si
472 2446 547 2538 quis
572 2447 726 2533 modum,
750 2470 818 2538 quo
842 2447 1033 2533 Personae,
1053 2447 1116 2518 hoc
1140 2457 1201 2518 aut
1228 2448 1333 2542 priori
1366 2448 1411 2518 N.
1436 2459 1568 2537 tactae,

63 2582 257 2655 expressae
280 2570 377 2647 sunt,
403 2562 491 2633 scire
518 2561 678 2650 anhelat,
715 2563 988 2634 continuatorem
1013 2563 1116 2634 Orbis
1140 2563 1286 2658 Seraph.
1312 2565 1483 2651 consulat,
1508 2574 1569 2635 aut

64 2676 401 2771 ipsamEcclesiam
425 2677 575 2748 aulicam
600 2679 742 2770 invisat;
766 2679 822 2770 qui
848 2702 931 2750 vero
952 2679 1056 2770 plura
1078 2678 1121 2748 de
1139 2679 1226 2749 actis
1243 2679 1486 2766 Personarum,
1505 2680 1569 2752 hoc

69 2806 111 2864 et
135 2793 239 2885 priori
265 2792 309 2863 N.
342 2793 587 2881 adductarum,
622 2794 815 2880 desiderat,
842 2795 995 2882 Surium,
1033 2795 1228 2882 Heraeum,
1266 2795 1499 2866 Bollaudistas
1533 2804 1568 2866 et

66 2910 163 2982 alios
184 2908 376 3002 scriptores,
401 2921 482 2980 acta
504 2910 653 3002 plurium
677 2931 720 2980 ex
745 2909 819 2980 istis
844 2909 951 2980 fusius
973 2909 1191 2998 exhibentes,
1216 2910 1352 2981 adeat‘.

160 3026 215 3097 63.
239 3027 435 3097 Conventus
460 3026 531 3114 hic,
556 3025 699 3096 Aulicus
734 3035 966 3118 nuncupatus,
991 3026 1026 3095 16
1056 3034 1131 3097 tota
1163 3027 1347 3099 Provincia
1378 3028 1566 3120 primatum

65 3150 174 3212 tenet.
199 3142 237 3212 16
261 3163 301 3213 eo
319 3165 381 3236 pro
397 3142 524 3213 honore
548 3142 613 3212 Dei
629 3152 666 3213 et
681 3141 796 3214 saluto
820 3142 966 3235 proximi
984 3141 1103 3212 sudat:
1131 3142 1159 3213 l.
1176 3143 1331 3214 Verbum
1357 3143 1421 3214 Dei
1440 3166 1461 3213 a
1478 3144 1565 3214 Con-

63 3258 246 3330 cionatore
263 3257 376 3330 ardico
391 3257 557 3350 primario
579 3281 620 3328 ac
643 3257 844 3328 secundario
870 3256 1020 3327 festivali
1046 3256 1255 3349 regulariter
1280 3269 1360 3329 ante
1377 3258 1568 3346 meridiem,

63 3384 104 3444 et
120 3396 144 3443 a
157 3372 400 3444 Concionatore
413 3373 606 3443 Conventus
622 3379 697 3466 post
714 3373 894 3443 meridiem
910 3373 1030 3443 diebus
1044 3372 1229 3444 Dominicis
1244 3397 1286 3444 ac
1305 3373 1437 3445 festivis
1452 3374 1566 3445 decla-

67 3498 214 3558 matum.
231 3486 263 3558 2.
289 3488 670 3559 Archicensraternitas
695 3490 729 3560 S.
749 3489 785 3557 P.
803 3488 988 3576 Francisci,
1006 3489 1098 3559 circa
1116 3511 1245 3559 aunum
1266 3490 1352 3561 1602
1367 3490 1518 3562 inducta.
1535 3492 1567 3564 3.

69 3603 448 3675 Archiconfraternitas
472 3604 507 3674 S.
533 3602 732 3690 Michaelis,
757 3604 958 3674 hleuacensi
984 3603 1158 3675 adiuncta.
1182 3604 1509 3677 neomaenias
1532 3608 1567 3679 S.

73 3721 213 3791 Anutnii
239 3720 418 3808 Patavini,
442 3720 541 3790 subin
566 3721 687 3791 mortis
709 3743 769 3791 scu
793 3721 945 3792 Oratorii
969 3721 1072 3807 dicta,
1098 3723 1132 3790 in
1159 3722 1282 3792 bonum
1307 3723 1563 3815 agonizantium

74 3846 110 3905 et
125 3836 321 3906 animarum
344 3835 602 3922 defunctorum,
619 3836 676 3928 pio
693 3836 764 3906 zelo
788 3836 997 3906 Frrdiuandi
1023 3836 1149 3925 Caroli,
1168 3838 1342 3909 Austriaci
1362 3837 1569 3909 Archiducis

79 3972 117 4019 ac
140 3951 300 4023 nustriae
323 3950 508 4021 anterioris
531 3950 714 4044 Principis,
740 3974 794 4022 au.
822 3951 908 4021 lota
924 3952 1091 4040 instituta,
1108 3959 1143 4022 et
1159 3952 1215 4023 die
1235 3955 1266 4023 7.
1291 3952 1377 4023 lunii
1396 3953 1458 4023 sati
1488 3954 1567 4023 anni

83 4065 171 4136 iuxta
193 4065 359 4153 libellum,
384 4064 427 4137 de
451 4065 518 4136 hac
542 4065 834 4138 Confrateruitate
859 4068 1042 4139 novissime
1068 4069 1217 4157 editum,
1243 4069 1449 4140 introducta.
1474 4070 1569 4139 Haec

90 4180 457 4257 hrchiconfraternitati
482 4192 711 4270 mortuorum,
736 4184 871 4255 Romae
895 4184 1092 4273 exsistenti,
1109 4186 1172 4255 sub
1196 4184 1396 4256 Alexandro
1413 4185 1486 4256 Vll.
1511 4206 1567 4255 aa.

95 4291 339 4371 1616666166
362 4306 562 4392 aggregata
592 4306 690 4370 6161
722 4299 803 4369 16116
825 4322 869 4369 ex
904 4299 1034 4393 pulpito
1069 4322 1123 4370 aa.
1163 4300 1268 4389 1666,
1305 4300 1413 4371 veluti
1443 4300 1566 4371 literae

97 4411 294 4487 authenticae
316 4437 376 4488 nos
399 4438 537 4487 securos
560 4415 728 4502 reddunt,
752 4415 787 4484 16
812 4415 967 4487 Ecclesia
992 4416 1098 4487 nostri
1123 4417 1318 4488 Conventus
1346 4417 1569 4509 promulgata

100 4520 157 4596 tuit.
185 4530 319 4602 Nomen
355 4531 433 4601 huic
469 4531 628 4624 primitus
663 4530 789 4602 dedere
824 4531 1061 4602 Ecrdinandus
1096 4531 1240 4602 Carolus
1263 4541 1299 4602 et
1324 4532 1566 4623 Sigismundus

101 4633 279 4718 Franciscus
305 4645 537 4735 archiduces,
562 4647 664 4716 Anna
688 4647 880 4733 Medicaea,
905 4647 997 4717 illius
1019 4647 1159 4733 coniux,
1180 4670 1326 4718 unacum
1343 4648 1412 4719 suis
1436 4647 1569 4720 duabus

102 4748 225 4849 filiabus,
250 4761 399 4833 Claudia
422 4773 458 4833 et
474 4761 699 4855 Magdaleua.
715 4763 747 4834 5.
765 4763 833 4832 Via
856 4762 984 4850 crucis,
1009 4785 1063 4834 an.
1094 4762 1320 4834 1632666616.
1337 4765 1369 4834 6.
1395 4764 1568 4856 Obsequia

104 4940 340 4968 N—

184 5068 323 5124 ι666166.
342 5073 426 5126 citata
447 5074 550 5126 1161666
571 5074 595 5124 16
616 5072 723 5124 Thalete
741 5073 783 5125 cit
803 5087 828 5138 p.
850 5071 900 5124 tto
920 5082 977 5138 etr,
998 5070 1206 5125 neumarum
1227 5087 1253 5137 6.
1278 5070 1324 5123 tat
1343 5080 1391 5123 616.
1411 5070 1484 5124 eon.
1504 5072 1567 5125 Orh.

102 5152 186 5227 5166.
201 5171 242 5223 nr.
262 5185 290 5236 ρ.
309 5170 361 5222 aar
380 5178 429 5224 nc.
447 5178 473 5224 er
492 5171 543 5223 66.

181 5265 310 5322 *beluac
330 5271 355 5320 16
375 5268 483 5322 Thalete
501 5283 529 5335 p.
549 5267 610 5321 tu.
630 5269 688 5321 tax.
719 5269 792 5321 66611.
822 5270 935 5321 bionum.
964 5271 1047 5323 citata
1076 5269 1151 5322 Corn.
1176 5269 1568 5336 01168666161.66326

102 5358 139 5404 61·
153 5373 191 5416 nm
207 5381 257 5420 non
276 5366 328 5419 abt.
