3750 6082
543 438 708 492 PROVING.
732 437 865 490 TYROL.
888 438 946 489 FF.
970 435 1094 487 utnon.
1118 435 1250 486 aaron.

852 675 876 766 g
902 674 953 746 14.

298 898 526 987 convexus
553 897 835 1008 Sulgaviensis
863 896 913 983 ad
940 894 979 982 S.
1008 894 1225 982 Antonium
1252 894 1503 983 patavinum.

249 1138 318 1210 lae.
343 1136 567 1231 Sulgavinm,
591 1139 698 1231 vulgo
720 1138 876 1230 sindono,
912 1135 1081 1227 Saulem,
1117 1135 1603 1227 81119611,11111111811111111,
1629 1162 1652 1209 a

180 1250 293 1327 Annolo
316 1252 577 1326 Schwaraacha
600 1253 819 1339 humectata,
845 1251 1000 1324 Dioecesi
1038 1251 1286 1323 Constantiensi
1321 1253 1473 1341 inserta,
1500 1252 1652 1323 Alnnda'r

182 1370 346 1442 Amtriacis
369 1371 403 1441 in
426 1392 465 1442 re
488 1368 671 1463 temporali
696 1391 813 1461 genua
835 1367 954 1440 flectit.
979 1366 1071 1439 Olim
1096 1375 1173 1438 erat
1196 1369 1304 1440 curtis
1321 1366 1467 1461 Regalis
1492 1369 1649 1458 Sueviae,

184 1484 293 1578 Seiopa,
308 1486 488 1577 Solopum,
509 1484 679 1577 Solanon,
701 1483 940 1575 Sulz‘eltpowe,
966 1484 1126 1577 Snlepow
1141 1494 1346 1577 nuncupata,
1371 1485 1404 1554 in
1421 1507 1488 1576 qua
1505 1485 1586 1557 Otto
1609 1485 1650 1556 ll.

184 1598 318 1697 lnppro
332 1601 546 1673 Monasterio
569 1600 604 1673 S.
628 1599 813 1671 Maximini
832 1622 887 1670 an.
904 1600 981 1688 963,
1005 1600 1086 1671 Otto
1109 1601 1166 1671 lll.
1190 1601 1274 1694 lmp.
1299 1623 1360 1693 pro
1384 1600 1537 1671 Abbatia
1560 1600 1652 1671 Gan-

184 1714 328 1789 dcrsheim
353 1740 409 1790 an.
423 1718 492 1789 994
507 1716 699 1811 diplomata
722 1715 983 1810 expediverunt.
1007 1717 1169 1811 Proprius
1192 1717 1382 1809 antiquitus
1404 1718 1575 1789 recensuit
1591 1718 1654 1789 Co-

185 1834 276 1921 mites,
296 1857 316 1906 e
339 1857 485 1928 quornm
508 1832 629 1927 stirpe,
653 1833 703 1905 nti
727 1832 871 1925 quidam
894 1833 1141 1926 praetendunt,
1168 1834 1203 1904 S.
1228 1832 1417 1904 Menradus
1439 1833 1489 1904 M.
1513 1832 1651 1927 prodiit.

186 1946 251 2039 Apri
269 1950 447 2021 civitatem
470 1948 648 2041 cingentes
670 1947 809 2039 largum
835 1950 1057 2035 frumentum,
1081 1948 1191 2019 silvae
1214 1970 1307 2035 vero,
1332 1950 1364 2018 in
1387 1949 1512 2020 vicinia
1536 1971 1652 2019 assur-

184 2072 292 2155 gata,
316 2086 516 2137 numerosas
550 2063 773 2159 suppeditant
807 2064 910 2136 ieras.
947 2065 984 2135 ln
1012 2073 1171 2158 computo
1202 2086 1379 2135 sacrorum
1415 2063 1652 2136 aedificiorum

185 2190 336 2253 morantur
358 2181 550 2253 Ecclesiae:
575 2181 637 2252 SS.
662 2181 798 2252 Ioannis
819 2187 855 2253 et
880 2181 1041 2253 Andreae
1065 2180 1290 2268 ParochialiS,
1317 2180 1352 2251 S.
1377 2180 1521 2253 Antonii
1544 2181 1653 2251 Fran-

183 2292 279 2368 ciaran.
302 2320 381 2369 cnm
406 2296 569 2369 adiuncto
592 2297 787 2385 conventu,
813 2297 847 2368 S.
880 2298 1028 2392 Spiritus
1062 2297 1096 2366 in
1131 2296 1320 2389 llospitali,
1357 2294 1391 2366 S.
1427 2295 1653 2367 Elisabethae

182 2402 411 2485 Tertius-iarum
435 2435 514 2484 cum
538 2435 600 2484 suo
624 2412 792 2485 Coenobio
813 2413 908 2484 intra
932 2414 1066 2485 moenia
1081 2414 1181 2484 sitae.
1205 2413 1319 2484 Extra
1333 2437 1413 2485 eam
1429 2415 1572 2485 obviant
1587 2413 1653 2484 Ec·

181 2522 336 2602 cluniae:
373 2530 414 2601 B.
450 2530 577 2601 Matris
612 2529 800 2602 Dolorosae
836 2530 869 2599 in
904 2528 1153 2617 Meshaubten,
1179 2529 1214 2600 S.
1239 2530 1375 2619 Crucis,
1401 2532 1436 2602 S.
1460 2529 1651 2617 Leonardi,

181 2636 231 2713 SS.
250 2645 286 2717 14
309 2645 568 2718 Auxiliatorum
592 2645 627 2716 in
649 2645 868 2741 Leprosori0,
895 2646 957 2717 SS.
981 2646 1183 2733 Trinitatis
1210 2646 1244 2717 S.
1268 2646 1445 2738 Verenee,
1462 2654 1498 2718 et
1515 2645 1550 2717 S.
1567 2646 1653 2718 Bru·

179 2759 286 2835 maist

252 2875 319 2950 127.
334 2877 654 2964 Reverendissima,
674 2885 710 2949 et
726 2877 963 2950 Illustrissima
979 2878 1023 2949 D.
1039 2877 1082 2949 D.
1099 2876 1294 2949 Catharina
1309 2879 1352 2949 de
1369 2878 1496 2970 Spaur,
1515 2876 1653 2950 Pflanm

179 2992 339 3087 1111111111,
364 2994 553 3066 Abbatissa
575 2994 719 3066 Ducalis
743 2993 888 3086 Collegii
924 2993 1176 3065 Buchaviensis
1189 2996 1218 3081 ¹,
1244 2996 1279 3065 S.
1303 2993 1347 3065 R.
1371 2995 1396 3065 Ι.
1421 2994 1652 3089 Principiam,

182 3098 214 3175 Ρ.
230 3108 349 3182 Basilio
372 3108 417 3181 de
440 3108 663 3203 Menzingen,
689 3110 848 3181 Praesidi
873 3110 1097 3181 Residentiae
1122 3110 1345 3204 Ehinganae,
1377 3110 1541 3205 Oglspirii
1574 3112 1654 3183 visi-

182 3222 294 3297 udonis
314 3248 422 3298 cansa
443 3224 601 3318 degenti,
625 3228 671 3298 ad
694 3248 732 3298 ae
755 3226 882 3316 accito,
901 3250 956 3298 an.
977 3227 1062 3298 1646
1077 3227 1133 3298 die
1149 3225 1203 3297 26.
1220 3227 1372 3298 Ianuarii
1388 3237 1540 3300 mentem
1555 3252 1654 3300 suam

184 3330 218 3405 ‘1⁶
233 3340 392 3415 Coenobio
427 3340 735 3415 Francisoanorum
771 3342 929 3436 Sulgavii
954 3343 987 3412 in
1012 3342 1176 3413 honorem
1200 3342 1265 3413 Dei
1290 3350 1325 3413 et
1348 3343 1498 3415 salutem
1522 3344 1656 3441 anima-

185 3467 243 3525 1111
260 3457 422 3529 struendo
443 3458 648 3553 explicavit,
683 3480 819 3530 annexa
842 3458 1050 3544 conditione,
1076 3464 1114 3528 nt
1138 3456 1358 3529 Franciscani
1383 3482 1507 3530 munus
1529 3461 1657 3552 Coepe-

188 3573 287 3645 uuna
307 3574 468 3667 Sulgnvii
492 3573 619 3646 saltem
642 3597 748 3667 usque
771 3574 815 3645 ad
840 3574 1061 3667 colophonem
1095 3574 1242 3645 aedificii
1273 3599 1316 3646 ex
1347 3576 1515 3646 reditibus
1551 3576 1657 3649 l'aro·

189 3676 341 3777 dntibus,
368 3690 544 3785 supposito
565 3712 727 3762 consensu
763 3688 898 3762 Celsiss.
923 3690 1097 3761 Ordinarii
1129 3690 1319 3780 excitandi,
1344 3692 1480 3763 obeant.
1505 3694 1573 3764 lsto
1606 3717 1657 3764 re-

189 3812 321 3899 mure,
355 3828 433 3877 rem
466 3828 490 3875 a
524 3806 704 3878 voluntate
738 3806 890 3877 Ministri
927 3807 1026 3877 Prov.
1063 3806 1275 3901 dependere,
1312 3808 1465 3878 baiulum
1496 3808 1657 3880 adhunc

191 3922 379 4011 amandavit,
403 3927 460 4016 qni
483 3923 622 3995 facilem
654 3932 821 3995 annulum
856 3922 960 4010 dans,
988 3923 1128 3994 Patrem
1154 3923 1198 3993 ad
1223 3924 1365 3994 servitia
1388 3947 1431 3995 ex
1456 3924 1657 3996 Residentia

192 4022 344 4130 Ebingana
378 4038 568 4112 tollendum
599 4038 744 4111 addixit.
781 4039 864 4111 Sors
887 4039 1010 4110 cecidit
1032 4062 1137 4132 snpra
1161 4039 1200 4110 P.
1226 4039 1465 4111 Theobaldnm
1490 4065 1512 4111 a
1534 4040 1658 4112 Mona-

192 4140 333 4248 dloqui
357 4178 528 4228 unacum
553 4156 679 4227 Fratre
714 4156 835 4227 Iacobo
870 4156 914 4225 de
949 4156 1112 4245 Brixina,
1148 4178 1211 4228 sno
1238 4157 1344 4244 socio,
1370 4156 1576 4249 Sulgavium
1602 4156 1658 4226 die

197 4252 232 4332 ¹⁴·
248 4266 358 4343 Martii
383 4272 575 4364 attingens,
600 4272 751 4343 servitiis
772 4273 841 4342 suis
864 4272 1249 4365 spiritualibus‘civinm
1274 4295 1332 4343 cor
1356 4272 1473 4343 Ordini
1498 4272 1657 4361 addixit,

193 4380 275 4456 lldie
294 4387 349 4460 22.
375 4388 410 4459 in
434 4387 536 4461 domo
560 4387 759 4460 Parochiali
782 4387 900 4459 sedem
925 4388 1012 4459 fixit.
1037 4388 1223 4481 Negotium
1248 4389 1407 4480 energice
1430 4388 1601 4483 promovit
1617 4390 1656 4461 l'.

195 4482 1016 4576 1111111Ρω1111111118111111111161111.
1053 4504 1266 4593 Fridericns,
1303 4505 1460 4598 Sulgavii
1498 4528 1554 4575 an.
1587 4504 1659 4575 fato

195 4598 273 4688 1117.
294 4618 425 4713 Aprilis
448 4618 631 4716 appulsus,
656 4626 772 4713 utpote
796 4620 853 4711 qui
878 4642 1076 4691 consensum
1101 4621 1312 4693 Fordinandi
1337 4621 1470 4710 Camli,
1496 4620 1660 4691 Austriae

196 4818 426 4851 N—

270 4953 370 5008 ι1111111.
388 4954 451 5009 orb.
471 4956 580 5023 seraph.
599 4962 616 5011 1.
637 4954 661 5010 5.
682 4970 708 5023 p.
728 4957 787 5010 352.
807 4956 902 5013 Clrron.
921 4959 1040 5013 Gottwic.
1061 4967 1077 5013 t.
1099 4960 1121 5013 l.
1141 4966 1207 5026 part.
1228 4962 1251 5012 2.
1270 4976 1297 5026 p.
1318 4959 1378 5013 512.
1400 4959 1567 5026 Wegelinns,
1581 4972 1612 5011 ex
1625 4973 1657 5011 eo

193 5048 319 5120 Mltos,
338 5060 356 5107 t
376 5054 401 5106 ἱ.
421 5067 447 5119 p.
470 5054 501 5106 16
520 5061 546 5107 et
565 5052 607 5108 ll.
625 5052 736 5107 Chartae
764 5056 843 5108 Suer.
872 5056 930 5109 Lex.
951 5057 1025 5110 llrrsil.
1045 5058 1114 5110 Zeill.
1135 5058 1249 5111 llonum.
1268 5057 1350 5110 Conr.
1370 5058 1478 5122 Sulgur.
1498 5056 1658 5109 anclsrnn.

191 5134 265 5201 Arm-
277 5150 350 5204 nov.
371 5150 689 5218 synemmenonn.
711 5152 770 5205 111.

267 5243 380 5301 ‘Situm
398 5248 1425 5321 1111111111111111111111,11111111811111111111111111111111111111,1111111111111110,
1455 5254 1537 5321 vulgo
1565 5252 1660 5309 Frder·

184 5350 230 5407 m,
245 5342 347 5400 odam
