3766 6090
480 462 644 514 enorme.
668 462 797 514 rxuon.
822 463 876 513 rr.
901 462 1026 514 umore.
1051 462 1183 517 aaron„
1563 443 1588 515 9

87 605 130 654 ac
153 606 270 656 omues
305 583 508 678 Superiores
538 585 573 655 in
604 585 820 656 Monasteria
852 585 1017 657 Fratrum
1057 594 1119 657 aut
1147 584 1313 658 Sororum
1348 585 1520 679 Tyroleos
1543 609 1585 658 ac

86 699 246 771 residuae
271 700 436 773 nustriae
459 701 641 773 anterioris
664 701 933 773 iurisdictionem
957 710 1175 789 exercentes,
1200 726 1222 773 a
1245 725 1330 773 cura
1352 710 1388 773 et
1411 703 1584 794 guberna·

86 815 179 888 tione
212 816 413 904 eorundem,
449 817 651 890 Tridentino
684 825 720 889 et
755 819 916 903 llrconsi,
953 814 1003 890 uti
1040 819 1168 890 habent
1197 827 1419 890 monumenta
1443 828 1583 891 nostrae

86 932 193 1003 Prov.
217 933 385 1025 exceptis,
410 934 568 1005 absolut.
593 935 688 1005 Idem
711 935 767 1005 dic
795 934 844 1005 18.
869 935 1000 1029 Aprilis
1034 937 1197 1006 exaravit
1220 935 1309 1006 alias
1334 935 1485 1023 litterae,
1512 937 1585 1028 qui·

88 1049 153 1120 bus
174 1049 248 1122 fato
272 1050 420 1121 Henrico
442 1058 590 1142 quatuor
611 1050 840 1139 consultores,
857 1051 1076 1123 coadiutores
1098 1061 1133 1122 et
1153 1060 1321 1144 tanquam
1343 1050 1552 1124 Definitores
1565 1057 1584 1139 ¹,

86 1188 170 1236 mox
192 1165 451 1259 exprimendos,
476 1167 510 1235 in
533 1167 707 1237 creatione
730 1167 936 1239 Provinciae
960 1168 1215 1239 auxiliatricem
1248 1191 1389 1239 manum
1412 1169 1442 1240 ei
1467 1191 1584 1261 porre-

84 1290 221 1368 cturos,
245 1281 431 1353 constituit.
457 1282 676 1354 Provinciam
700 1283 745 1354 ad
768 1292 903 1354 statuta
926 1284 1194 1355 Barcinonensis
1225 1283 1414 1355 adstrinxit
1435 1293 1471 1356 et
1494 1285 1584 1355 Con·

86 1406 231 1469 ventum
256 1398 530 1492 Oeuipontanum
556 1399 591 1468 S.
615 1399 736 1470 Crucis
771 1400 815 1470 ad
852 1401 1039 1491 primatum
1071 1400 1207 1471 extulit.
1242 1401 1464 1472 Praeterieris
1490 1401 1580 1473 alias

82 1514 224 1586 litteras
258 1515 397 1586 minoris
430 1515 611 1602 momenti,
647 1516 693 1585 ab
726 1515 849 1587 eodem
883 1515 1001 1603 datas,
1036 1515 1121 1588 sisto
1152 1516 1240 1587 duas
1271 1517 1306 1587 in
1338 1515 1402 1587 hoc
1438 1539 1580 1588 numero

83 1635 237 1704 taetas‘.

594 1863 659 1934 Fe.
683 1863 875 1934 anucrscr
898 1864 1073 1934 Gouzxou

92 2096 250 2168 Ordinis
271 2095 461 2166 tirenum
487 2096 678 2182 Beuularis
706 2095 958 2167 Obscena-ntiae
991 2095 1179 2165 Generalis
1202 2095 1373 2165 Minister
1406 2102 1442 2164 et
1463 2119 1587 2165 serenes

183 2211 227 2282 It.
252 2210 294 2281 P.
319 2209 361 2281 F.
385 2211 545 2282 Henrico
569 2210 713 2281 Sedulio
736 2212 887 2281 salutern
910 2210 948 2278 in
971 2210 1125 2280 Domino
1147 2211 1416 2302 sempiternam.

186 2442 363 2520 Qrtoniani
387 2442 604 2512 auctoritate
626 2443 661 2512 S.
686 2441 729 2511 D.
755 2441 802 2511 N.
830 2441 1001 2531 Greaorii
1021 2439 1136 2511 XIII.
1154 2448 1190 2511 et
1204 2440 1354 2525 Nostra,
1372 2440 1422 2510 aa
1440 2441 1586 2532 petitio·

81 2581 172 2627 nera
206 2557 438 2627 Sereurssirui
471 2556 621 2626 Domini
660 2555 877 2626 Arciu'ducis
908 2557 1083 2626 Austriae
1105 2555 1339 2626 Ferdiuandi
1370 2557 1582 2627 constitutus

79 2682 122 2745 et
144 2675 381 2763 confirmatus
414 2695 450 2743 es
488 2673 762 2743 Commissarins
793 2673 1016 2765 Apostolieus
1049 2681 1085 2742 et
1117 2673 1287 2743 Minister
1320 2696 1389 2764 pro
1418 2673 1585 2742 uniendis

80 2789 320 2860 illonasteriis
338 2796 411 2859 tarn
422 2788 602 2873 orrorrrru,
617 2812 727 2882 qitaru
743 2789 938 2858 rnulierum
953 2787 1121 2858 [restituti
1131 2788 1262 2858 Nostri
1275 2789 1314 2857 iu
1329 2787 1466 2858 ditione
1476 2811 1587 2881 qnae·

78 2906 178 2976 dicti
199 2904 414 2975 Areia-iducis
435 2904 648 2988 constitutis,
674 2911 714 2973 ut
736 2927 785 2973 eor
806 2902 861 2973 liis
885 2902 1080 2974 Provincia
1118 2903 1324 2997 Tyrolensis
1345 2904 1587 2995 constrictum·

79 3045 156 3117 quo
179 3022 302 3092 omnia
325 3021 463 3092 maim
475 3044 558 3091 cuna
577 3020 841 3114 tranquillitate
859 3021 1014 3111 trarusiai
1025 3028 1175 3114 armant,
1190 3020 1323 3090 iturum
1336 3021 1586 3112 maerentium

83 3147 211 3209 temore
233 3137 445 3209 absolventes
469 3162 491 3207 a
514 3161 606 3207 cura
621 3145 656 3206 et
668 3136 926 3228 aubernatione
947 3136 1190 3207 Conventuunt
1213 3136 1465 3229 Tyr-eleusinia
1488 3135 1588 3207 Caiu-

80 3254 273 3324 rnissorios
295 3260 332 3322 et
352 3276 470 3323 omnes
494 3253 593 3338 alios,
616 3253 682 3346 qui
708 3259 792 3322 ante
825 3252 891 3322 Irae
927 3253 1089 3346 alt'quam
1120 3253 1371 3322 auctoritatem
1400 3252 1455 3322 cel
1490 3251 1588 3322 Corn·

80 3369 293 3439 acessionem
317 3369 355 3437 iu
371 3368 579 3460 praedictos
606 3367 802 3438 Conventus
824 3367 1037 3438 lealrrernnt.
1062 3366 1109 3437 Id
1129 3367 1226 3460 quod
1239 3390 1311 3460 pra
1328 3368 1486 3437 arctiori
1497 3390 1586 3460 pace

78 3485 266 3556 seruanda
289 3484 335 3554 R.
359 3483 402 3555 P.
424 3483 676 3555 Corumissario
692 3481 865 3553 Alvares³
881 3491 915 3551 et
931 3483 975 3553 R.
993 3482 1035 3553 P.
1053 3483 1223 3552 Ministro
1240 3481 1459 3573 Argtentino⁴
1476 3507 1586 3575 quarn

78 3602 260 3674 citissime
280 3601 489 3693 siqnificare
514 3599 699 3678 tenebam
718 3597 802 3668 Vale
818 3606 853 3668 et
876 3599 991 3668 Deuru
1009 3621 1082 3691 pro
1097 3598 1196 3669 nobis
1219 3621 1296 3668 ora.
1314 3597 1432 3668 Datne
1452 3598 1587 3670 Rornae

78 3721 127 3789 in
157 3717 338 3789 Conoemu
355 3715 488 3787 Nostro
511 3714 592 3786 Ara
621 3713 882 3786 Goeliclie17.
908 3714 1026 3807 April.
1052 3714 1120 3785 Au.
1149 3711 1266 3783 1580.

375 3967 481 4074 l.S.

815 4114 895 4185 Fa.
927 4114 1216 4186 Fxxncrsous
1247 4114 1485 4201 Goxzxox,

880 4230 947 4324 qui
966 4253 1080 4323 supra
1102 4254 1215 4301 rnauu
1233 4229 1403 4323 propria.

174 4464 242 4536 Fr.
267 4463 485 4535 Franerscus
513 4462 680 4555 Gaurana
705 4463 811 4533 totius
850 4461 999 4533 uranu
1037 4460 1225 4533 Generalis
1251 4461 1420 4533 Minister
1442 4470 1478 4532 et
1511 4485 1585 4533 ser-

192 4810 201 4844 ¹
222 4810 277 4863 Non
296 4815 424 4863 vocantur
442 4809 598 4863 [litllnltores
615 4807 733 4861 obsolute
752 4808 827 4873 tnles,
847 4809 907 4874 qnia
935 4806 1053 4874 Capitale
1080 4808 1231 4860 Provlnciali
1251 4816 1277 4861 ot
1296 4821 1343 4872 nor
1362 4814 1423 4860 vota
1443 4807 1576 4859 vocalium

70 4925 135 4968 non
154 4918 232 4962 erent
250 4909 332 4961 elecu

192 5004 295 5060 ¹(lent.
315 5005 372 5059 orb.
391 5006 498 5070 Serapa
519 5013 535 5059 t
555 5005 580 5059 5.
600 5020 626 5073 ρ.
646 5003 706 5058 til.
727 5005 843 5057 llonnm.
863 5005 937 5057 Prov.
958 5004 1046 5070 Tyrol.
1065 5003 1229 5056 Franclscen.

191 5103 203 5140 ³
231 5104 279 5158 Per
306 5106 376 5157 nunc
402 5103 553 5158 credibilius
580 5104 730 5170 intelllgitur
757 5103 862 5156 ilicheol
891 5103 1012 5168 alverni,
1041 5101 1242 5155 commissarius
1268 5102 1401 5154 Generalis
1429 5102 1575 5155 tlonnstcrii

71 5205 242 5260 Viennensis
259 5203 294 5257 sd
312 5204 447 5271 Reginum,
461 5217 502 5256 an.
529 5201 595 5257 15⁸2
613 5202 776 5266 constitutus,
795 5202 840 5269 qul
859 5200 1017 5255 credibiliter
1035 5201 1086 5253 inm
1105 5215 1119 5253 a
1135 5186 1219 5266 'priori
1237 5201 1352 5268 aliquam
1371 5199 1578 5253 iurisdictionem

68 5302 237 5374 genemlum
255 5302 282 5354 in
300 5300 429 5370 quemne
448 5300 599 5355 manaim
616 5300 772 5355 demerim
789 5300 913 5353 exercuit

193 5395 205 5433 ⁴
222 5397 373 5465 intellmur
391 5396 505 5453 lltniaer
522 5396 674 5455 mundae
691 5396 858 5465 mnndum
