3750 6082
186 114 250 185 1811
830 136 1031 188 onnourcou
1720 39 1730 103 ¹

184 258 433 330 Cathedralcm
457 259 641 330 translata.
665 260 762 330 lntra
785 259 982 331 clausuram
1007 259 1074 330 duo
1099 258 1237 331 Sacella
1261 266 1435 351 prostant,
1460 282 1560 332 unum
1577 261 1612 331 B.
1624 249 1691 327 V·

183 376 320 447 ltlariae
343 377 580 463 Lauretanae,
605 377 744 469 propria
769 377 842 446 Ara
866 376 1086 461 instructum,
1112 376 1366 447 consecratione
1390 375 1604 462 destitutum,
1618 372 1700 447 al‘

183 499 295 563 terum
320 502 532 564 mortuorum
568 501 821 577 consecratum,
851 493 886 561 in
908 492 1005 563 cuius
1029 493 1102 562 Ara
1126 492 1165 563 B.
1191 492 1307 562 Mater
1329 492 1501 563 Dolorosa
1523 488 1711 585 conspici‘

182 616 250 678 tur.
275 609 313 678 ln
339 607 440 680 horto
464 608 660 702 Capellula‚
686 631 797 701 parva
821 609 972 700 imagine
995 609 1036 679 B.
1060 608 1103 678 V.
1128 608 1283 693 Mariae,
1315 608 1469 679 Iesulnm
1493 608 1653 700 gestantis
1683 648 1718 685 9

182 723 362 811 decorata,
387 733 423 795 et
446 725 480 794 in
503 724 680 816 peristylio
704 726 761 795 via
784 725 919 810 Crucis,
944 747 998 794 an.
1027 722 1113 795 1732
1135 724 1311 818 plantata,
1328 723 1411 794 sede
1427 745 1493 795 sua
1511 725 1724 796 fruuntur-2

182 838 298 910 Extra
321 840 519 911 clausuram
543 840 692 911 occurrit
715 841 976 925 coemeterium,
1002 840 1033 909 in
1057 862 1125 931 quo
1147 840 1344 911 'sortiariae
1359 840 1485 911 domus
1500 840 1729 912 Brixiaeta

182 978 349 1046 personae
372 955 417 1027 ad
441 956 586 1026 servitia
619 957 849 1028 Parthenonis
883 964 1079 1042 assumtae,
1108 965 1225 1026 terrac
1248 954 1471 1026 mandantur.
1496 957 1535 1027 ln
1557 979 1596 1027 eo
1617 956 1730 1027 sae.

183 1072 308 1142 cellum
332 1073 372 1142 B.
397 1073 440 1142 V.
465 1072 603 1143 Mariae
627 1071 671 1142 ad
696 1072 823 1159 Nives,
850 1072 947 1142 Nost¹
974 1070 1118 1164 Capella
1133 1070 1282 1154 dictum,
1298 1072 1438 1166 propria
1462 1073 1538 1144 Ara
1560 1073 1687 1143 instru-

182 1195 294 1276 ctum,
319 1212 351 1259 n.
380 1188 452 1259 lna.
476 1212 694 1282 expressum,
719 1189 830 1260 locum
856 1188 971 1259 habet.
997 1188 1131 1260 Chorus
1156 1188 1320 1260 Sororum
1336 1175 1443 1282 supra
1459 1189 1599 1260 ianuam
1615 1188 1675 1260 Fc-

183 1304 325 1391 clesiac,
351 1306 525 1377 Chorulus
548 1329 631 1376 vero
654 1307 818 1375 Fratrum
843 1305 888 1375 ad
912 1305 1081 1397 parictem
1105 1327 1125 1375 e
1148 1326 1253 1376 cornu
1276 1303 1462 1395 Evangelii
1485 1326 1590 1399 prope
1621 1306 1676 1376 Al·

183 1427 260 1491 tare
283 1444 455 1491 summum
472 1429 596 1493 exstat.
615 1423 757 1493 Sorores
771 1421 817 1491 60
840 1422 978 1492 circiter
1002 1443 1162 1506 numero,
1187 1421 1243 1491 hic
1266 1419 1487 1508 habitantes,
1512 1422 1678 1493 1111111-

183 1538 289 1609 sterio
311 1538 519 1626 conduntur,
544 1548 580 1609 ct
603 1561 646 1609 ex
671 1539 794 1609 annuis
816 1538 971 1609 censibus
994 1544 1029 1608 et
1052 1537 1271 1630 proventibus
1295 1538 1458 1608 bonorum
1482 1538 1580 1609 vitae
1601 1560 1679 1609 suae

183 1654 371 1724 consulunt.
396 1655 600 1741 Abbatissa,
626 1678 715 1747 quae
739 1655 846 1725 etiam
871 1653 952 1724 olim
977 1653 1023 1725 ad
1047 1652 1197 1724 Comitia
1215 1653 1467 1742 provincialia,
1492 1677 1516 1725 a
1538 1654 1680 1725 statibus

184 1771 352 1863 Tyroleos
374 1771 548 1858 instituta,
574 1772 624 1841 uti
653 1772 734 1843 1481
759 1771 1031 1856 convocabatur,
1057 1771 1090 1839 in
1114 1792 1175 1840 suo
1199 1769 1315 1861 sigillo
1338 1768 1482 1841 exbibet
1508 1769 1544 1841 S.
1567 1769 1679 1841 Elisa·

183 1885 327 1957 betham
352 1886 648 1980 Thuringianam,
686 1889 876 1959 Patronem
914 1886 1166 1977 Parthenonis3
1202 1886 1235 1956 in
1258 1886 1341 1957 orbe
1363 1887 1440 1957 eius
1463 1886 1584 1978 legere
1608 1886 1683 1957 licet

184 2003 271 2072 haec
294 2003 424 2074 verba:
448 2004 565 2091 Siqill.
591 2004 715 2074 Attal.
741 2006 776 2073 S.
806 2001 936 2075 Clarae
960 2003 1112 2073 Monast.
1139 2001 1322 2073 11111111

896 2234 974 2325 §a

318 2464 602 2552 Monasterium
631 2466 899 2576 Friburgense
926 2465 1193 2554 Clarissarum
1221 2464 1272 2551 ad
1298 2463 1338 2552 S.
1368 2465 1541 2552 Clarum.

279 2715 351 2786 lto.
376 2716 415 2785 ln
438 2717 581 2808 antiquo
603 2716 766 2788 suburbio
789 2716 942 2786 civitatis
964 2696 1222 2808 Friburgensis,
1244 2714 1286 2785 de
1302 2715 1478 2804 praesenti
1493 2715 1559 2785 snb
1576 2714 1685 2785 ruinis

184 2833 451 2926 ingemiscente,
476 2855 746 2926 versuspagum
771 2832 914 2902 Lehen⁹
940 2831 1035 2902 haud
1059 2831 1179 2923 procul
1202 2855 1224 2901 a
1247 2830 1461 2902 Monasterio
1484 2829 1681 2902 Dominica-

185 2974 305 3021 norum
330 2950 412 3021 olim
436 2948 643 3021 Coenobinm
668 2949 737 3019 FF.
762 2950 801 3018 B.
828 2948 871 3018 V.
896 2948 1049 3034 Mariae,
1086 2953 1242 3041 tempore
1277 2945 1371 3016 haud
1402 2953 1483 3017 noto
1505 2954 1679 3032 erectum,

184 3067 346 3138 consedit.
373 3066 505 3137 Incolae
529 3065 603 3136 eius
626 3065 789 3136 exstitere
814 3064 907 3135 haud
933 3063 1108 3149 Servitae,
1135 3070 1253 3155 utpote
1269 3071 1351 3133 aute
1367 3084 1423 3133 an.
1452 3061 1540 3133 1272
1563 3062 1682 3132 Mona-

183 3184 328 3255 sterium
353 3182 484 3253 nullum
508 3183 544 3252 in
568 3183 622 3253 his
645 3183 804 3274 partibus
826 3189 1060 3268 recensentes,
1086 3203 1148 3251 nec
1164 3180 1307 3251 Fratres
1323 3178 1563 3265 Calendarii³,
1587 3177 1683 3249 Servi

185 3300 291 3369 ctiam
315 3300 355 3369 B.
379 3300 422 3368 V.
447 3299 583 3370 Mariae
609 3299 816 3390 nuncupati;
852 3286 941 3368 enim
975 3320 1057 3369 vero
1082 3297 1117 3366 hi
1141 3320 1186 3367 ex
1209 3319 1307 3367 mera
1331 3294 1527 3367 Sodalitate
1551 3294 1684 3366 coalue-

185 3422 283 3500 runt,
308 3414 522 3485 Monasteria
545 3414 670 3486 saltem
694 3415 846 3486 formata
870 3436 933 3485 non
958 3414 1204 3499 numerabant,
1230 3435 1293 3483 nec
1315 3411 1350 3482 in
1371 3411 1426 3483 his
1441 3412 1602 3504 partibus
1617 3411 1683 3483 noti

184 3539 308 3619 erant3
334 3553 416 3600 vero
440 3530 538 3623 proin
562 3530 674 3622 magis
697 3530 846 3614 accedit,
873 3529 963 3621 quod
979 3552 1024 3599 ex
1039 3528 1167 3601 Ordine
1184 3527 1472 3616 Carmelitarum,
1490 3529 1531 3599 B.
1548 3527 1593 3599 V.
1609 3528 1685 3599 Ma·

185 3646 258 3716 riae
281 3646 478 3737 specialiter
502 3645 625 3718 devoto
649 3654 684 3716 et
707 3653 787 3717 tunc
811 3646 975 3738 temporis
999 3646 1032 3715 in
1056 3646 1246 3716 Germania
1269 3644 1387 3716 sedem
1411 3644 1482 3715 iam
1515 3643 1683 3731 habente,

184 3762 348 3848 exierint,
385 3785 447 3855 pro
482 3763 604 3854 quibus
637 3763 742 3832 etiam
779 3784 837 3834 eos
873 3762 1086 3856 Compilator
1118 3761 1302 3834 Protocolli
1326 3761 1524 3833 Conventus
1546 3760 1686 3831 Fribur·

185 3877 299 3971 gensis
322 3878 628 3948 Franciscanorum
653 3885 842 3949 reveretur.
867 3878 971 3950 quta
994 3878 1059 3950 hoc
1075 3877 1281 3950 Coeuobium
1298 3876 1415 3949 sedem
1431 3874 1588 3949 fixerant
1603 3900 1686 3970 qua·

186 4001 264 4064 tuor
291 3994 534 4065 Praenobiles⁴
559 3994 703 4087 Equites
726 3995 891 4067 Nicolans
914 3996 1075 4083 Rettich,
1094 3995 1272 4068 Conradus
1287 3994 1449 4081 Colman,
1475 3992 1688 4088 Rudolphus

187 4109 350 4179 Thurner
373 4117 409 4180 et
431 4110 475 4180 N.
502 4110 697 4200 Schretter,
722 4112 797 4203 qui,
833 4135 1045 4205 quorumque
1073 4134 1199 4183 uxores
1221 4134 1264 4182 ex
1289 4110 1438 4206 Spiritus
1463 4111 1499 4182 S.
1523 4110 1687 4182 instinctu

185 4248 387 4319 generosam
424 4227 665 4299 resolutionem
700 4227 763 4298 sub
798 4229 927 4301 vexillo
951 4230 985 4301 S.
1011 4229 1050 4300 P.
1074 4228 1251 4299 Francisci
1278 4226 1452 4299 militandi
1477 4226 1687 4300 formarunt.

294 4569 303 4605 ¹
323 4571 439 4624 llonum.
458 4572 541 4625 citntn.
561 4569 633 4624 Cont
654 4569 716 4625 Orb.
735 4571 842 4637 Scrnpb.
863 4576 880 4624 t.
899 4571 923 4624 s.
937 4587 963 4639 p.
977 4572 1037 4625 361.
1051 4569 1146 4626 Ctrron.
1161 4574 1236 4626 Prov.
1250 4570 1338 4639 Tyrol.
1353 4570 1517 4625 anclscnn.
1530 4584 1557 4639 p.
1573 4572 1627 4627 190
1638 4581 1689 4629 otc.

184 4666 257 4720 Motu
276 4669 301 4720 tn
320 4665 415 4722 Ctrmn.
435 4668 466 4721 ll.
487 4669 512 4720 S.
533 4669 666 4734 Tyrolcos.

292 4765 304 4801 ²
323 4766 403 4819 Distat
421 4766 550 4832 Frlburgo
569 4769 645 4820 unlcu
665 4770 737 4820 nom.

290 4862 302 4898 ³
321 4864 358 4916 Do
377 4867 417 4918 tris
436 4864 518 4919 Cattos
537 4866 562 4916 tn
582 4866 649 4919 serio
668 4867 751 4931 Episc.
771 4866 890 4919 llisncns.
909 4882 935 4934 p.
956 4866 1006 4919 306
1025 4875 1073 4921 111
1093 4867 1168 4932 plura
1187 4868 1317 4933 exprimit.
1447 4924 1451 4931 ,

291 4958 302 4995 ⁴
321 4961 384 5014 b'olo
403 4976 499 5017 vocaro
518 4964 622 5031 Equites
641 4965 713 5017 aurei
734 4964 850 5030 volturis,
869 4970 914 5019 aut
932 4970 1064 5032 aureolos,
1084 4971 1174 5032 utpote
1193 4974 1254 5020 tunc
1271 4965 1399 5032 temporo
1421 4965 1448 5019 tn
1474 4978 1565 5021 norum
1591 4974 1685 5024 natura

185 5067 236 5108 non
257 5065 397 5111 morantes.
