3750 6082
590 400 755 451 rnovruc.
778 400 906 451 rvnon.
930 402 985 452 rr.
1009 402 1134 452 uruca.
1158 402 1290 452 aaron.
1629 380 1695 453 159

227 521 376 595 sabathem
409 520 584 614 Thuring.
616 523 680 594 sub
713 522 767 595 his
790 523 924 596 verbis:
957 523 1068 616 Sipc'll.
1099 525 1229 618 Super.
1254 524 1449 595 Briacvicca.
1481 524 1532 595 od
1551 524 1588 595 S.
1618 525 1696 595 Eu·-

223 638 413 711 mactant

903 874 927 965 5
947 874 981 946 a

291 1100 605 1191 llonnsteriolum
632 1104 834 1193 Telfsense
861 1105 912 1192 ad
938 1105 980 1191 B.
1009 1106 1057 1192 V.
1086 1104 1254 1192 Mariam
1280 1106 1597 1192 Immaculatam.

294 1351 358 1425 140.
382 1352 572 1442 Telfaium,
595 1353 702 1447 vulgo
731 1355 847 1447 Telfs,
870 1357 1050 1450 oppidum,
1074 1358 1102 1427 si
1120 1377 1186 1428 non
1204 1355 1365 1444 formale,
1389 1356 1515 1428 saltem
1532 1355 1695 1447 aequiva-

217 1460 291 1555 lens,
308 1467 478 1541 Dioecesie
501 1469 728 1559 Brixinensis,
754 1470 921 1565 Principi,
947 1472 1072 1544 Comiti
1096 1471 1263 1567 Tyroleos
1286 1475 1366 1565 (pro
1381 1472 1446 1543 hoc
1463 1481 1543 1542 actu
1567 1471 1694 1541 colitur

219 1579 452 1675 dugmtissima
474 1584 607 1657 Domtm
623 1587 826 1677 Austriaca)
848 1587 1069 1676 attributum,
1093 1610 1198 1681 prope
1215 1587 1346 1660 Ocnum
1364 1587 1556 1673 considens,
1580 1586 1603 1655 3
1621 1586 1692 1658 mil.

218 1692 317 1771 (loru.
335 1700 537 1794 Oeniponte,
561 1725 603 1774 ac
634 1703 836 1795 sesquihora
864 1728 886 1774 a
913 1704 1139 1775 celeberrimo
1162 1704 1377 1776 Monasterio
1401 1704 1593 1775 Stamsensi
1609 1702 1693 1775 Ord.

218 1806 337 1889 cisterc.
358 1818 469 1891 abest.
493 1817 703 1891 coarctatur
717 1820 811 1889 intra
834 1819 964 1892 limites
981 1819 1170 1913 Dynastiae
1186 1819 1497 1912 Hb’rtenbergensis
1510 1822 1531 1905 ²,
1554 1819 1695 1890 Comiti-

219 1922 275 1999 bus
290 1930 327 2005 de
345 1934 472 2027 Fieger
494 1936 754 2031 oppignoratae.
779 1936 1003 2009 Deuotionem
1028 1936 1183 2008 fidelium
1207 1946 1335 2007 acuunt
1357 1935 1550 2015 Ecclesiae,
1583 1934 1694 2007 Paro·

216 2036 321 2121 thialis
339 2050 372 2123 S.
398 2050 496 2122 Petri
519 2064 555 2122 et
571 2050 696 2123 tiliales
718 2052 809 2141 eius,
833 2061 973 2148 praeter
989 2053 1106 2124 Curat.
1133 2053 1168 2124 S.
1193 2052 1368 2124 Valentini
1384 2063 1418 2122 et
1443 2052 1478 2123 S.
1501 2052 1641 2123 Antonii
1660 2052 1693 2122 in

217 2149 305 2249 lue,
324 2166 361 2237 B.
391 2166 435 2238 V.
459 2167 509 2238 M.
534 2168 719 2240 assumtae
742 2169 776 2239 in
799 2169 1054 2262 Pirchenberg,
1078 2169 1112 2239 S.
1138 2169 1228 2258 Viti,
1255 2168 1290 2240 S.
1314 2169 1473 2240 Mauritii
1496 2180 1531 2239 et
1548 2168 1693 2261 Capella

218 2266 248 2339 i¹1
268 2276 476 2355 coemetario.
509 2284 645 2355 Sociam
669 2306 811 2379 operam
842 2286 885 2355 iis
907 2299 1015 2356 navat
1044 2285 1200 2357 Ecclesia
1229 2286 1269 2356 B.
1293 2286 1336 2356 V.
1361 2285 1410 2356 M.
1442 2285 1692 2355 immaculatae

219 2404 284 2463 cum
303 2396 541 2471 Monasteriolo
563 2400 892 2483 Franciscanorum,
916 2402 1013 2473 cuius
1037 2401 1123 2473 haec
1147 2402 1246 2472 initia
1259 2404 1281 2472 ³.

296 2511 358 2585 141.
383 2514 642 2587 communitate
672 2515 862 2604 Telfsensi,
894 2517 1201 2588 Reverendissimo
1231 2517 1309 2589 DD.
1336 2517 1529 2602 Edmund0,
1553 2517 1691 2587 Abbate

225 2614 400 2718 Senensi,
425 2630 660 2703 lllustrissimo
684 2631 759 2703 DD.
783 2633 1002 2705 Ferdinando
1025 2632 1150 2704 Carolo
1173 2632 1320 2725 Fieger,
1345 2634 1476 2704 Comite
1499 2633 1692 2726 Dynastiae

228 2727 506 2839 Homntergemis
528 2747 750 2820 subordinato
780 2749 942 2836 Domino,
967 2771 1162 2835 assensum,
1187 2772 1249 2843 pro
1271 2750 1532 2831 Franciscanis,
1560 2749 1623 2819 hoc
1655 2749 1688 2818 in

227 2844 280 2925 loco
302 2860 569 2952 introducendis,
602 2864 786 2955 dantibus3
818 2866 860 2936 A.
893 2866 937 2937 R.
970 2865 1013 2936 D.
1037 2866 1223 2936 Francisco
1252 2865 1490 2957 Oberberger,
1520 2863 1691 2935 Celsissis.

226 2961 361 3072 Principis
382 2976 594 3051 Brixinensis
608 2979 824 3071 Consiliario,
849 2982 1083 3053 assistentiam
1108 3005 1206 3053 suam
1229 2990 1264 3053 et
1281 2982 1384 3053 simul
1408 2982 1595 3054 subsidium
1612 3005 1691 3052 eum

222 3078 248 3153 ln
264 3088 354 3164 tinem
370 3092 655 3187 adpromittente,
679 3096 717 3168 P.
735 3096 946 3168 Eustachins
962 3097 1149 3186 Kracker,
1174 3098 1333 3168 Minister
1350 3097 1570 3182 Provinciae,
1589 3096 1690 3168 clavo

219 3196 395 3281 Provinciae
421 3209 458 3281 P.
475 3210 567 3282 lusto
582 3210 695 3295 Redn,
721 3212 963 3285 Commissario
986 3213 1206 3300 Provinciali,
1223 3213 1432 3301 concredito,
1451 3212 1690 3283 Vindobonam

216 3314 287 3393 l&
305 3326 471 3419 perrexit,
496 3327 789 3419 Angustissimum
815 3329 1002 3400 Caesarem
1036 3328 1243 3421 leopoldum
1269 3330 1312 3400 ad
1338 3336 1506 3401 annulum
1525 3328 1688 3400 flexurus.

210 3431 315 3511 Oleum
352 3450 390 3513 et
422 3464 563 3536 operam
595 3442 713 3515 decem
738 3445 938 3537 septimanis
969 3446 1129 3539 perdens,
1155 3445 1198 3515 ad
1231 3447 1418 3537 imaginem
1451 3446 1490 3515 B.
1521 3445 1562 3515 V.
1588 3444 1637 3515 M.
1670 3468 1692 3516 a

202 3550 374 3647 lacrymis
396 3578 566 3649 agnomen
591 3558 757 3647 alentem,
774 3560 952 3631 miraculis
968 3561 1247 3647 celeberrimam,
1271 3561 1352 3631 olim
1382 3560 1516 3631 Pescbii
1543 3560 1575 3629 in
1598 3560 1693 3631 Hun-

195 3672 310 3761 garia,
327 3672 397 3745 iam
411 3696 494 3745 vero
510 3674 735 3749 Vindobonae
746 3676 781 3746 in
793 3677 946 3748 Basilica
962 3677 996 3748 S.
1011 3678 1177 3771 Stephani
1192 3677 1393 3768 degentem,
1410 3678 1580 3767 confugit,
1600 3676 1692 3747 facto

192 3798 273 3860 voto
293 3788 337 3859 de
360 3789 514 3881 imagine
536 3791 635 3863 iuxta
658 3791 839 3885 exemplar
862 3791 999 3886 depicta
1022 3802 1057 3862 et
1084 3793 1197 3863 eidem
1221 3800 1369 3879 attacta,
1405 3792 1539 3878 Telfsii,
1566 3793 1596 3862 si
1620 3794 1689 3862 suis

187 3904 234 3975 sit
260 3904 481 3978 benedictura
503 3905 694 3994 laboribus,
719 3907 953 4000 appendenda.
981 3908 1069 3979 Exin
1097 3909 1191 3979 brevi
1220 3930 1324 3978 scena
1348 3915 1518 3992 mutatur,
1543 3908 1693 3978 Caesare

186 4020 332 4115 propria
354 4042 458 4092 manu
474 4026 699 4093 consensum⁴
723 4046 785 4116 pro
803 4022 950 4117 hospitio
970 4023 994 4094 5
1018 4030 1078 4094 aut
1102 4025 1125 4095 6
1146 4024 1308 4094 Fratrum
1333 4034 1519 4109 exarante,
1544 4033 1580 4094 et
1611 4023 1692 4093 Sta·

184 4137 282 4207 tibus
298 4136 461 4208 Austriae
483 4137 666 4209 anterioris
681 4160 901 4231 progressum
926 4140 970 4209 ad
995 4161 1094 4234 opus,
1110 4141 1138 4209 si
1165 4139 1352 4232 Episcopus
1368 4140 1607 4210 Brixinensis⁶
1633 4162 1693 4208 an-

184 4260 315 4323 nutum
336 4252 486 4341 dederit,
512 4253 720 4346 iniungente.
742 4254 902 4326 Minister
925 4256 1050 4340 dictus,
1075 4256 1129 4326 die
1150 4256 1199 4326 1⁶2.
1225 4255 1313 4328 Nov.
1339 4255 1402 4325 boc
1422 4255 1540 4326 favore
1563 4256 1691 4325 iustru-

182 4378 277 4455 ctus,
304 4366 407 4439 rediit
424 4369 459 4439 in
476 4369 711 4460 Provinciam,
729 4380 764 4441 ct
787 4393 989 4443 consensum
1008 4371 1157 4465 praelati
1181 4370 1367 4443 Celsissimi
1389 4372 1514 4442 elicere
1538 4371 1690 4442 sudavit.

182 4486 257 4557 lste
280 4484 401 4556 varias
422 4484 648 4559 difficultates
669 4488 765 4560 circa
788 4511 987 4561 consensum
1003 4488 1163 4577 sentiens,
1188 4488 1313 4575 voluit,
1337 4498 1376 4557 ut
1391 4488 1576 4560 Provincia
1592 4488 1689 4580 prius

298 4831 307 4868 ¹
326 4832 441 4887 Nonum.
459 4835 544 4891 citata.
562 4832 636 4888 eom
655 4832 717 4888 Orb.
737 4836 845 4901 seraph.
865 4836 908 4888 clt
926 4832 1022 4887 Cimon.
1041 4835 1083 4887 cit.
1102 4849 1129 4900 p.
1153 4832 1201 4886 176
1221 4840 1268 4886 otc.

296 4928 426 4985 ’Nonmn
444 4932 517 4986 ductt
534 4930 569 4985 ab
586 4946 647 4986 erce
666 4933 745 4986 huius
764 4934 889 4997 nomlnls,
910 4947 979 4999 pago
1000 4931 1166 4985 Ptnttentmllo
1185 4932 1327 4984 adiacente.

296 5029 434 5099 ’Moppne
452 5032 601 5098 Gaegrnpb.
621 5031 710 5096 Tyrol.
734 5031 822 5084 Libell.
843 5031 958 5083 Dloeces.
983 5032 1048 5083 Brlx.
1070 5046 1094 5096 p.
1115 5030 1157 5083 25.
1176 5029 1249 5082 Cont.
1269 5028 1331 5081 Orb.
1357 5028 1465 5093 Seraplr.
1492 5026 1553 5079 ab.
1580 5040 1605 5091 p.
1626 5024 1686 5080 351.

180 5129 286 5183 cnron.
305 5128 381 5183 vmv.
400 5129 489 5196 Tyrol.
509 5128 669 5183 Franclstan.
685 5128 734 5181 177
753 5134 802 5183 etc.
824 5129 930 5181 tionum
949 5129 1025 5181 Prov.
1039 5128 1127 5195 Tyrol.
1147 5132 1172 5179 ot
1191 5126 1360 5179 nonasteuon
1375 5126 1500 5177 Tattaeus
1521 5123 1685 5177 Franctscon.

299 5226 433 5283 ‘eonem
450 5242 482 5281 11
502 5228 635 5282 Protoeoll.
656 5228 731 5281 Prov.
751 5228 840 5293 Tyrol.
859 5228 958 5280 voltum.
978 5226 994 5278 l.
1015 5241 1040 5292 p.
1060 5225 1130 5291 avt,
1150 5225 1220 5278 unde
1239 5239 1290 5277 non
1310 5225 1441 5276 emanavit
1459 5236 1501 5275 nn.
1523 5221 1598 5275 tnta.

298 5324 461 5394 ι1111111111
481 5326 549 5379 toan.
569 5326 658 5380 Prnnc.
677 5325 751 5379 Cont.
769 5325 802 5378 dc
821 5326 905 5379 llueu.
