3766 6090
192 439 216 509 6
841 456 1042 507 cuuourcou

190 582 345 654 obtinuit.
370 580 556 652 Provincia
574 581 608 652 S.
634 580 773 650 Antonii
790 580 834 651 de
857 580 1087 651 Observantia
1111 578 1290 668 Tridenti,
1315 579 1398 649 Arci
1419 586 1455 649 et
1478 578 1698 671 Oeuiponte²

132 777 133 780 Ἴ
192 698 388 769 Conventus
410 697 542 791 posuit,
565 696 633 767 duo
648 695 749 789 primi
774 696 873 767 subin
897 719 919 765 a
943 695 1159 767 Reformatis
1175 694 1425 782 incolebantur,
1451 694 1596 765 ultimus
1614 717 1699 765 vero

191 814 396 886 Provinciae
428 811 671 902 Argentinensi
703 811 904 882 ann01573
934 813 1154 902 consignatus
1178 812 1253 881 fuit.
1287 811 1471 882 Provincia
1503 812 1699 883 Austriaca

192 930 260 1001 FF.
285 928 460 1000 Minorum
496 928 639 999 Bulsani
673 928 908 1020 Conventum3
939 927 1105 998 Brixiuae
1136 950 1219 998 vero
1254 949 1295 997 ac
1324 927 1507 998 Meraniae
1539 927 1697 998 residen-

192 1047 276 1117 tiam
302 1047 393 1139 apud
424 1044 596 1117 Moniales
627 1043 820 1135 acquisivit.
852 1043 987 1115 Incolae
1010 1043 1112 1136 primi
1144 1044 1252 1113 trium
1285 1044 1407 1114 horum
1440 1042 1696 1115 domiciliorum

191 1164 393 1248 Minoritae,
419 1161 575 1232 absolute
593 1161 692 1245 tales,
717 1161 795 1230 dein
811 1160 1065 1231 Conventuales
1088 1160 1292 1250 extiterunt3
1317 1160 1476 1230 ultimate
1494 1160 1698 1232 Conventus

191 1279 413 1350 Bulsanensis
435 1276 705 1348 Observantibus
730 1276 933 1347 Provinciae
958 1276 1135 1363 Austriae,
1153 1275 1358 1346 Residentia
1381 1298 1463 1346 vero
1479 1275 1699 1346 Brixinensis

191 1393 463 1467 Observantibus
487 1392 691 1464 Provinciae
716 1393 932 1482 Argentinae
955 1391 1067 1463 cessit.
1088 1391 1272 1461 Provincia
1296 1390 1481 1462 Austriaca
1497 1392 1540 1462 de
1564 1391 1698 1462 Obser-

192 1510 312 1581 vantia
344 1508 458 1578 Suazii
489 1530 618 1579 novum
650 1507 864 1578 Conventum
896 1506 1008 1577 erexit
1038 1515 1074 1576 et
1104 1506 1279 1578 Conventu
1312 1506 1532 1594 Bulsanensi,
1566 1507 1697 1578 amotis

192 1622 496 1708 Conventualibus,
520 1622 629 1715 potita
664 1631 729 1692 est.
762 1621 946 1693 Provincia
979 1622 1207 1712 Argentinae,
1233 1622 1316 1692 olim
1341 1621 1588 1710 Alamanniae,
1621 1622 1695 1692 FF.

191 1741 368 1811 Minorum
393 1737 554 1829 Friburgi
584 1739 618 1807 in
642 1737 842 1829 Brisgovia,
866 1737 1020 1824 Brisaei,
1057 1737 1249 1827 Villingae,
1282 1737 1505 1808 Constantiae
1536 1761 1578 1808 ac
1602 1738 1698 1809 Neo·

192 1856 293 1947 burgi
318 1855 362 1924 ad
385 1854 565 1940 Rhenum,
598 1853 756 1924 stabilem
790 1853 907 1924 sedem
934 1861 1036 1924 nacta
1070 1863 1135 1923 est.
1168 1853 1221 1924 Ex
1252 1853 1306 1923 his
1341 1852 1524 1924 domiciliis
1559 1854 1696 1941 omnia,

192 1972 331 2064 dempto
353 1970 594 2061 Friburgensi‚
619 1970 654 2039 in
679 1968 844 2041 divisione
868 1969 1005 2040 Ordinis
1023 1969 1316 2040 Conventualibus
1340 1980 1588 2039 remanserunt.
1609 1970 1698 2042 Pro

193 2088 305 2158 vincia
328 2085 543 2178 Argentiuae
566 2085 609 2154 de
632 2084 865 2155 Obseruantia
889 2083 1157 2175 Friburgensem
1184 2107 1204 2152 a
1230 2107 1309 2155 mox
1325 2093 1420 2154 tacta
1446 2084 1635 2155 Provincia
1660 2095 1697 2157 et

192 2203 429 2273 Residentiam
461 2202 698 2271 Brixinensem
730 2225 752 2271 a
784 2201 966 2273 Provincia
991 2203 1177 2272 Austriaca
1206 2201 1507 2289 Conventualium,
1531 2224 1594 2273 nec
1628 2226 1698 2276 nou

192 2319 465 2409 Oenipontanum
497 2318 543 2388 ab
573 2317 847 2389 Observantibus
877 2317 1080 2388 Provinciae
1113 2317 1147 2388 S.
1181 2318 1320 2388 Antonii
1356 2317 1485 2388 retulit.
1518 2318 1697 2392 Clarissae

191 2434 367 2519 Tridenti,
392 2433 575 2519 Brixinae,
600 2432 761 2525 Friburgi
787 2434 821 2502 in
837 2433 1024 2522 Brisgovia
1040 2457 1081 2504 ac
1098 2433 1273 2525 Villingae
1291 2434 1407 2504 sedem
1425 2433 1588 2505 fixerunt.
1606 2434 1699 2506 Ter·

194 2549 263 2619 tius
285 2571 419 2640 quoque
451 2547 544 2620 Ordo
575 2548 608 2618 S.
633 2547 807 2618 Francisci
839 2549 946 2618 variis
978 2549 1011 2619 in
1044 2549 1144 2636 locis,
1173 2551 1224 2649 uti
1256 2573 1299 2620 cx
1333 2549 1396 2621 hoc
1419 2551 1452 2640 ᾗ.
1475 2559 1510 2620 et
1541 2550 1695 2622 decursu

191 2666 268 2736 libri
294 2665 414 2751 huiuS,
439 2688 480 2735 ac
504 2665 591 2734 actis
615 2664 718 2735 Prov.
744 2665 958 2756 Argentinae
981 2666 1182 2751 innotescet,
1208 2665 1381 2736 domicilia
1405 2676 1584 2737 assecutus
1599 2676 1659 2738 est
1673 2672 1697 2739 ².

261 2776 312 2850 'n
336 2780 578 2852 Ferdinandus
602 2780 781 2851 Archidux
805 2782 1024 2864 AustriacuS,
1050 2783 1089 2852 ll.
1106 2805 1174 2873 qua
1195 2782 1316 2852 Comes
1338 2781 1551 2876 Tyrolensis,
1570 2784 1699 2854 Ferdi·

190 2899 292 2968 nandi
310 2900 334 2968 Ι.
357 2897 517 2968 Caesaris
540 2896 634 2966 filius
648 2901 670 2982 ⁸,
694 2898 840 2968 eximius
855 2898 994 2968 Ordinis
1017 2898 1192 2992 Serapbici
1211 2901 1332 2990 (quem
1356 2921 1458 2991 saepe
1481 2899 1624 2990 saepius
1641 2924 1699 2971 co-

191 3037 268 3083 rani
286 3013 493 3106 principibus
509 3034 549 3083 ac
573 3035 691 3083 eorum
710 3015 905 3105 proceribus
936 3014 1126 3084 rrccdullum
1160 3013 1263 3085 Orbis
1288 3014 1491 3085 Clua'sticoi
1511 3015 1698 3106 appellare

190 3129 383 3217 consuevit)
408 3130 539 3220 fautor,
555 3129 646 3198 seria
671 3137 783 3199 mente
801 3129 997 3216 revolvens,
1019 3130 1219 3200 Provincias
1236 3131 1448 3222 Argentinae
1472 3138 1507 3201 et
1523 3133 1698 3203 Austriac

190 3244 232 3315 de
256 3244 504 3330 Observantia,
535 3244 569 3313 in
607 3267 670 3314 sua
693 3244 822 3316 ditione
856 3246 1018 3316 coenobia
1043 3255 1277 3333 recensentes,
1312 3247 1488 3339 paucitate
1523 3246 1697 3320 Fratrum

190 3360 366 3447 laborare,
391 3360 506 3450 sicque
531 3360 750 3431 Monasteriis
772 3362 824 3431 sui
850 3362 990 3432 dominii
1015 3362 1109 3431 haud
1134 3372 1190 3432 sat
1214 3362 1297 3433 bene
1313 3362 1488 3455 provisum
1511 3385 1602 3452 esse,
1620 3373 1698 3435 sta·

190 3476 273 3561 tuit,
297 3500 340 3546 ex
365 3476 584 3547 Monasteriis
608 3476 772 3547 Fratrum
798 3488 834 3548 et
859 3478 1036 3565 Sororum,
1055 3477 1088 3547 in
1112 3500 1175 3548 sua
1198 3478 1325 3549 ditione
1342 3478 1546 3565 constrictis
1572 3479 1699 3551 distin·

189 3599 280 3663 ctam
299 3591 517 3662 Provinciam
543 3592 710 3679 excitare,
737 3592 868 3684 hocque
893 3593 1004 3664 medio
1021 3594 1183 3687 praefata
1207 3594 1419 3665 Monasteria
1440 3594 1485 3662 ad
1510 3593 1697 3667 meliorem

190 3708 307 3779 llorem
332 3730 549 3802 promovere,
575 3708 751 3793 negotium
775 3732 890 3778 coram
915 3732 1051 3778 summa
1076 3709 1164 3780 Sede
1188 3732 1328 3800 urgens,
1354 3711 1399 3780 ab
1415 3711 1527 3795 initio,
1552 3710 1699 3800 quibus*

189 3823 268 3894 dam
294 3847 366 3893 rem
390 3823 521 3895 occulto
546 3824 821 3915 impedientibus,
847 3825 1031 3896 exauditus
1056 3847 1119 3895 nnn
1143 3826 1226 3916 fuit3
1251 3835 1289 3895 at
1313 3825 1416 3919 paulo
1437 3837 1516 3918 post
1532 3826 1565 3894 in
1592 3827 1698 3897 bene·

188 3940 285 4011 volas
308 3940 426 4011 incidit
450 3962 564 4010 aures.
588 3940 814 4032 Oenipontern
844 3942 1014 4028 attigerat
1039 3941 1210 4011 Henricus
1243 3941 1422 4028 SeduliuS,
1456 3941 1624 4012 Minorita
1650 3944 1697 4015 de

187 4058 431 4136 Obseruantia,
458 4056 618 4126 alumnus
643 4056 845 4126 Provinciae
870 4057 1077 4128 Germaniae
1101 4057 1293 4142 inferioris,
1318 4057 1461 4128 Lovanii
1486 4057 1549 4127 SS.
1575 4057 1697 4130 Theo-

188 4172 303 4264 legiae
327 4171 522 4258 Professor,
548 4193 601 4242 an.
629 4170 716 4243 1578
737 4195 780 4241 ex
804 4172 926 4264 Belgio
950 4195 1020 4243 una
1051 4196 1131 4242 cum
1156 4173 1234 4242 aliis
1265 4173 1462 4258 Fratribus,
1491 4174 1623 4265 partim
1649 4177 1697 4247 ob

188 4298 300 4358 motus
335 4287 539 4357 Oeusiorum
577 4287 676 4377 largo
707 4288 874 4378 sanguine
898 4288 1156 4359 Catholicorum
1190 4310 1254 4358 sua
1277 4312 1378 4372 arma
1410 4287 1696 4383 cruentantium3

189 4403 316 4494 partim
341 4403 385 4473 ob
408 4413 536 4495 pestem
564 4425 604 4472 ac
623 4403 751 4473 tarnem
779 4403 903 4496 pulsus
922 4404 960 4474 P.
977 4404 1182 4474 Valentinus
1197 4405 1346 4490 Farina,
1365 4404 1427 4474 loci
1445 4403 1696 4493 Guardianus‚

189 4517 278 4588 hunc
302 4519 431 4602 virum,
461 4520 493 4588 in
519 4519 657 4589 ltaliam
689 4520 754 4589 iter
781 4519 1019 4605 meditantem,
1051 4521 1229 4608 convenit,
1254 4530 1292 4590 ut
1318 4521 1352 4589 in
1384 4520 1562 4591 Conventu
1588 4520 1696 4593 Oeni-

186 4642 334 4722 pontano
351 4634 554 4704 subsisteret
570 4643 605 4704 et
620 4635 764 4705 Fratres
781 4635 921 4706 iuvenes
946 4636 980 4706 in
996 4637 1107 4707 studio
1131 4636 1313 4708 excoleret.
1334 4636 1446 4706 Petito
1472 4635 1549 4706 huic
1580 4622 1718 4730 usque¹

186 4748 231 4818 ad
255 4771 299 4817 an
332 4747 416 4819 1580
439 4749 626 4827 satisfecit,
642 4773 707 4840 qun
724 4750 904 4820 Arcbidux
929 4751 1167 4821 Ferdinandus
1190 4775 1268 4821 eum
1287 4751 1434 4822 Romam
1459 4775 1536 4821 cum
1559 4750 1697 4826 litteris

186 4865 231 4933 ad
256 4865 297 4935 D.
323 4864 543 4935 Cardinalern
571 4865 763 4949 Alciatum,
790 4865 927 4937 Ordinis
952 4867 1204 4953 Protectorem,
1230 4869 1275 4938 ad
1307 4868 1348 4938 D.
1374 4868 1580 4961 Episcopum
1607 4871 1698 4964 Spo-

294 5181 300 5215 ¹
322 5183 476 5249 Ncutiquum
496 5180 631 5247 Friburgi,
652 5182 754 5233 Bulsuni
775 5197 806 5234 nc
825 5184 923 5249 Suaztl,
943 5185 979 5236 uti
998 5184 1107 5251 quidum
1129 5198 1267 5250 perpurum
1286 5187 1385 5238 usserit.

291 5280 302 5313 ἲ
322 5281 446 5332 turtures
465 5282 625 5332 innotescent
643 5280 668 5330 in
688 5279 764 5344 locis,
786 5280 952 5346 descriptioni
971 5283 1081 5335 istorum
1101 5281 1289 5335 coenobiorum
1310 5283 1450 5336 destinatis

291 5375 302 5410 ³
322 5376 404 5429 llucb.
425 5390 564 5443 perpurum
583 5390 644 5429 cum
665 5377 819 5429 Ferdinandi
839 5379 856 5429 l.
877 5378 984 5431 tratrem
1004 5380 1125 5445 appellat.
