3750 6082
510 109 677 163 Peenno.
700 110 830 162 ernon.
854 110 908 162 se.
931 109 1056 161 nmen.
1082 110 1213 162 nneon.
1547 88 1616 160 209

113 238 269 324 meus,
292 241 389 307 veste
414 234 625 330 Seraphicae
655 234 817 327 Regulae
852 233 1012 323 donavit,
1037 242 1073 304 et
1098 233 1173 305 Sor.
1197 235 1334 304 Annam
1359 232 1617 305 Thannheuser

118 354 161 427 iu
182 348 398 424 Praefectum
422 351 573 424 omnium
597 350 755 423 instituit.
780 349 832 420 En
867 350 1133 422 instrumentum
1159 349 1384 438 fundationis
1409 349 1454 421 ad
1486 350 1617 422 idioma

80 566 83 571 Ι
122 466 281 539 launum
304 473 577 538 erammutatum
591 465 623 535 ¹!
710 487 712 491 ·

10 778 17 791 Ι
211 698 253 770 In
267 700 414 771 nemine
429 699 589 771 Domini.
606 698 731 770 Amen.
749 698 825 788 qu
842 698 1047 769 Lucloeicus
1062 698 1105 769 dc
1123 698 1336 784 llernstcin,
1353 699 1473 793 Eques
1487 699 1617 769 berum

12 870 21 893 .
81 892 84 901 ,
132 818 340 909 ternpornm,
370 816 560 911 Toparcbe
576 818 613 885 in
634 815 767 886 Seuere
790 814 1123 885 Illustrissimornm
1139 816 1456 886 Serenissimernm
1473 816 1618 886 Princi-

30 976 33 981 ·
79 1020 82 1025 Ι
124 948 209 1019 Μ
222 932 331 1005 Dulcis
346 930 533 1003 Aterecnn
545 939 581 1002 et
596 930 708 1001 Ducis
728 930 948 1026 Lutpolcli2,
965 931 1074 1002 Duces
1091 932 1284 1017 Austriee,
1301 933 1467 1025 Styriae,
1490 931 1617 1002 Ceren-

10 1102 31 1151 5:
125 1042 217 1120 ideae
228 1057 265 1122 et
283 1049 512 1136 Cernioltee,
540 1047 688 1121 Comitis
717 1049 885 1142 Tqreleos
900 1059 962 1122 etc.
980 1050 1055 1142 qu
1079 1052 1196 1140 Aqnes
1212 1050 1370 1121 Dorrn'ne
1386 1050 1430 1119 de
1445 1049 1616 1120 Sclrellen-

10 1194 14 1199 ·
119 1154 217 1257 bap,
230 1166 422 1239 conteretis
437 1165 613 1254 eiusdem,
628 1174 664 1236 et
678 1166 756 1259 Epo
772 1166 976 1238 Ludoeicns
990 1168 1034 1239 de
1050 1167 1246 1237 IIornstein
1262 1168 1405 1253 ieun'or,
1429 1167 1618 1261 utriusque

111 1274 240 1371 filt'tcs,
261 1282 327 1355 bes
350 1284 474 1356 literas
497 1306 667 1355 consensu
690 1285 863 1355 ecnanimi
881 1283 1013 1370 Nebis,
1038 1283 1250 1377 Nostrisque
1271 1283 1484 1355 haeredibus
1508 1291 1542 1353 et
1556 1304 1617 1375 po-

106 1388 225 1471 dores
247 1400 544 1487 transcribimus,
568 1409 677 1496 etque
700 1399 862 1471 omnibus
885 1408 921 1471 et
940 1400 1090 1489 sinqulis
1112 1399 1177 1471 bes
1212 1401 1445 1493 inspecturis,
1473 1399 1619 1471 lectis-ris

103 1508 164 1579 vel
193 1517 267 1609 lcqi
286 1518 490 1605 audituris,
511 1519 586 1589 sive
607 1541 703 1589 nunc
735 1518 809 1587 sine
835 1518 977 1609 suturis
1013 1517 1248 1609 temporibus,
1278 1517 1406 1610 palam
1439 1516 1617 1608 faenum,

10 1708 21 1733 ¹.
97 1618 193 1701 Nos
216 1612 371 1707 cmmeclto
392 1633 586 1728 fundasse,
620 1634 806 1705 ordinasse
827 1641 864 1703 ct
884 1632 1071 1704 absolvisse
1100 1642 1325 1703 structuram
1349 1641 1385 1702 et
1411 1630 1618 1703 Claustrum

10 1736 18 1779 '⁸
94 1734 139 1807 *ἢ
173 1750 265 1823 celte
287 1750 469 1823 Ecclesiae
495 1750 682 1844 Oqlspiree
704 1751 880 1821 Dreecesis
909 1750 1184 1821 Constantieusis
1196 1774 1212 1835 ;
1235 1758 1342 1842 atque
1363 1749 1447 1819 lreec
1471 1749 1524 1819 ite
1547 1748 1618 1817 dis-

87 1868 304 1941 minius
326 1869 366 1939 in
389 1868 532 1939 laudem
554 1876 590 1938 et
610 1867 779 1938 tenorem
806 1868 1066 1960 omnipotentis
1089 1867 1160 1936 Dei
1180 1874 1215 1936 et
1235 1866 1490 1937 Sanctissimae
1512 1866 1619 1957 Reqi-

85 1987 207 2069 Me,
229 1982 405 2055 Eiusdem
429 1982 563 2055 Matris
586 1983 751 2070 Mariae,
776 2007 838 2054 nec
854 2007 925 2054 non
942 1984 981 2052 in
999 1984 1239 2053 testemonium
1254 1982 1447 2053 devotionis
1462 1981 1619 2052 Nostrae

82 2092 129 2153 0²
160 2100 291 2171 cultus
315 2099 351 2172 S.
376 2098 525 2171 Ioannis
547 2100 653 2194 Bept.
677 2109 714 2171 et
733 2100 770 2172 S.
794 2100 894 2172 loen.
920 2099 1058 2192 Eeenq.
1082 2109 1118 2170 et
1139 2100 1357 2170 Senatorum
1393 2099 1446 2168 12
1470 2098 1618 2191 Aposto-

81 2193 237 2287 ²⁰²⁸um
260 2224 299 2288 et
318 2217 479 2287 omnium
503 2217 739 2303 Sanctorum,
762 2226 799 2288 et
820 2217 855 2289 S.
874 2219 1020 2288 Mariae
1033 2216 1269 2307 Maqdelenee
1291 2225 1327 2287 et
1347 2217 1508 2286 emnium
1526 2216 1618 2285 San-

79 2324 264 2405 viamen
286 2332 360 2403 Dei
378 2332 607 2405 Ancillerum
629 2343 665 2405 et
692 2333 906 2426 Virqinum,
929 2343 963 2403 et
979 2334 1141 2404 emnium
1157 2335 1372 2403 Sanctorum
1389 2331 1616 2423 Martyrum,

77 2450 243 2521 ⁰²²²⁴nia
264 2451 377 2522 etiem
400 2450 451 2522 ad
471 2458 731 2523 autecessorum
754 2450 995 2537 Nostrorum,
1019 2450 1194 2521 Nostram
1217 2456 1255 2520 et
1268 2449 1432 2543 prolium
1464 2447 1618 2518 Nostra·

73 2564 206 2637 ”une
226 2565 379 2639 salutem
400 2575 438 2638 et
452 2568 742 2662 prosperitatem.

209 2684 286 2778 E'qo
308 2683 539 2779 supradictus
563 2683 769 2756 Ludoeicus
791 2684 834 2754 de
856 2683 1074 2770 Hernsteen,
1091 2683 1229 2777 Eques,
1246 2690 1283 2752 et
1303 2683 1385 2775 Ego
1408 2680 1524 2774 Aqnes
1548 2680 1617 2751 De-

68 2790 221 2872 mim
241 2800 286 2872 de
308 2799 551 2893 Scbellenberq
573 2801 787 2886 conteratos,
810 2808 848 2871 et
868 2800 944 2893 qu
969 2800 1171 2871 blidericus
1187 2800 1231 2870 de
1249 2798 1464 2884 Hornsteiu,
1481 2800 1618 2869 utrius-

64 2910 188 2981 ‘lue
207 2914 329 3009 filius,
354 2916 501 3010 insuper
517 2916 768 3009 praesentibus
791 2940 862 2988 uno
886 2939 948 2987 ere
970 2916 1215 3003 adtestantur,
1253 2925 1359 3009 etque
1385 2940 1458 3009 pro
1487 2915 1617 3003 Nebis,

63 3024 282 3104 ‘’mnem
304 3031 451 3104 Nostris
472 3032 683 3104 haeredibus
717 3043 751 3103 et
779 3035 935 3126 posteris
962 3033 1047 3104 baec
1070 3033 1257 3118 addimus,
1281 3032 1376 3119 Nes,
1400 3033 1618 3132 Nestresquc

60 3114 289 3221 ''Qacdes
311 3156 350 3221 et
367 3171 577 3221 successores
593 3158 930 3242 praememoratum
958 3148 1166 3221 Oleastrum
1194 3149 1379 3242 Oqlspiree
1395 3150 1434 3218 in
1449 3149 1532 3220 colle
1547 3149 1617 3220 Ec·

59 3240 265 3351 ‘'le-stae,
280 3287 467 3359 omnesque
480 3264 695 3357 Reliqiosas,
712 3265 766 3335 ibi
777 3265 976 3336 habitantes
991 3266 1045 3336 oel
1058 3266 1221 3357 deinceps
1236 3264 1482 3350 habitaturas,
1498 3288 1618 3334 eccem-

63 3354 173 3443 “18
197 3378 408 3467 delerare,
432 3381 506 3467 ita,
529 3389 573 3452 ut
592 3404 704 3474 neque
728 3380 859 3461 Nobis,
882 3404 993 3474 neque
1016 3380 1236 3453 Nostrorum
1252 3380 1449 3450 haeredum
1464 3380 1543 3466 ulli,
1560 3404 1618 3449 ne·

56 3485 187 3596 que
207 3496 464 3567 successorebus
486 3494 601 3567 ullum
624 3497 780 3590 emplius
804 3496 980 3568 tributum
1002 3505 1069 3568 eut
1088 3497 1299 3567 servitutem
1313 3497 1481 3583 debeant,
1506 3519 1618 3591 neque

63 3592 268 3699 ²²28dere,
290 3635 403 3713 neque
425 3612 508 3684 aliis
530 3612 662 3685 Nostri
681 3638 791 3685 cause
814 3614 885 3685 ulle
908 3614 1012 3685 medo
1035 3623 1102 3685 eut
1125 3613 1226 3684 titnle
1250 3613 1299 3684 ad
1319 3638 1398 3683 rem
1421 3638 1617 3707 quemcun-

58 3720 187 3801 que
206 3728 415 3823 ebltqcntur.
452 3734 645 3801 Praetereo
679 3738 797 3802 sancte
829 3732 1099 3823 promittimus,
1134 3730 1311 3801 Nostrum
1342 3738 1378 3800 ct
1399 3730 1618 3800 Nostrorum

60 3810 314 3945 '‘Geredum
337 3870 380 3919 ac
396 3855 626 3941 posterorum
664 3848 825 3934 nemine,
859 3850 1002 3942 saepius
1035 3848 1129 3919 (lc'cto
1169 3847 1336 3918 Glarcstro
1367 3870 1408 3917 ac
1431 3846 1618 3937 Reliqresis

63 3938 288 4050 semines,
309 3988 406 4036 nunc
427 3962 559 4036 ibidem
593 3965 842 4036 exsistentibus
864 3973 901 4036 et
923 3967 960 4035 in
977 3973 1164 4059 posterum
1186 3965 1396 4049 eecstituris,
1421 3985 1521 4055 opem
1545 3961 1619 4033 No-

65 4068 254 4167 8ἳνανη,
271 4082 522 4175 patrocinium
545 4090 581 4154 ct
603 4084 809 4170 aemilium,
838 4107 1016 4177 quousque
1038 4107 1074 4154 sc
1096 4084 1193 4154 neres
1216 4083 1371 4154 Nostrae
1393 4080 1617 4167 eertcndunt,

68 4184 143 4248 et
169 4194 319 4291 posticae
340 4196 535 4270 celendere
550 4206 735 4293 poterunt.
760 4199 886 4293 Neque
912 4199 1025 4269 Nobis
1049 4200 1155 4292 ipsis,
1179 4200 1244 4291 qni
1267 4207 1384 4269 temen
1409 4201 1490 4268 inre
1513 4197 1618 4267 adee-

73 4304 236 4384 “aeae
260 4312 298 4383 in
322 4312 417 4383 ntem
445 4312 655 4386 Glanntrum
671 4315 859 4408 petimur,
883 4315 1080 4409 quidquam
1097 4315 1249 4385 alterius
1266 4315 1360 4384 iuris
1375 4337 1617 4399 reseruemus,

80 4424 200 4499 ”Qm
220 4427 334 4501 solum
356 4428 399 4500 ob
420 4453 587 4517 comem,
611 4431 848 4524 utReliqiesa
872 4432 997 4503 (lomus
1021 4431 1151 4502 istbaec
1175 4439 1280 4524 atque
1299 4431 1456 4502 eiusdem
1473 4431 1618 4524 inquili-

83 4536 206 4631 nae,
229 4544 305 4616 sive
320 4552 528 4638 praesentes
550 4546 624 4617 sice
646 4548 817 4639 futurae,
840 4546 885 4618 ab
907 4548 1008 4618 omni
1028 4571 1121 4618 eecce
1145 4546 1277 4618 liberae
1291 4548 1367 4646 sent
1380 4554 1417 4616 et
1431 4547 1618 4631 immunes,

90 4718 386 4760 x..—

227 4834 336 4889 ¹Sueu
349 4834 445 4891 [testes
464 4852 490 4904 p.
509 4835 570 4890 ote.
592 4836 666 4891 Ceut.
688 4837 749 4892 Orb.
772 4840 880 4905 serapti.
905 4845 921 4891 t
944 4838 969 4891 5.
989 4854 1015 4904 p.
1035 4839 1094 4891 365.
1118 4837 1213 4892 Ceron.
1236 4839 1312 4891 Pror.
1333 4838 1421 4904 Tyrol.
1441 4836 1569 4891 Frenetes.
1589 4852 1617 4904 p.

98 4910 166 4986 Ξ01
188 4939 239 4988 ete.
259 4932 373 4988 tionum.
392 4934 469 4988 va.
489 4935 577 5000 tyrol.
597 4934 724 4988 Frenetes.
743 4950 778 4989 uo
792 4936 909 4989 Parthen.
930 4936 1105 5003 Oglsptronsis
1125 4937 1319 4989 Tertianarum.

224 5030 239 5067 ⁸
257 5028 283 5084 tn
301 5029 431 5087 moderno
447 5031 608 5086 Lettntsmo:
626 5031 723 5087 Albertt
742 5039 767 5087 et
786 5033 920 5100 Leopetdi.

1441 5145 1474 5199 ll
