3750 6082
590 126 754 176 raovruo.
778 126 907 176 rvaon.
932 126 985 176 11.
1009 127 1133 177 uruca.
1159 127 1290 175 annos.
1650 107 1698 176 27

193 248 465 319 constantiensis
486 248 613 318 effectu
636 273 696 320 suo
724 251 928 319 frustratum
945 256 1008 336 est,
1027 249 1327 320 Revereudissimo
1343 248 1526 319 Ordinario
1545 249 1698 340 rosigna-

194 365 321 435 tioucm
347 365 426 435 bina
449 366 523 435 vice
549 366 678 435 factam
713 388 775 436 non
800 376 1022 458 acceptante,
1047 390 1087 435 ac
1114 375 1224 436 motus
1260 365 1398 436 bellicos
1430 365 1554 456 ubique
1582 366 1697 434 furon-

194 492 246 550 tes
277 504 340 573 pro
374 503 478 551 causa
501 482 733 551 excusationis
756 490 954 574 opponente.
980 482 1088 551 Sabin
1112 481 1374 551 ardentissimae
1397 503 1514 572 preces
1533 483 1696 552 Sororum

193 619 255 688 pro
280 596 468 669 retentione
494 597 583 689 apud
610 598 763 668 Maiores
789 598 991 668 Provinciae
1018 599 1148 685 iactae,
1182 608 1341 668 conatum
1368 598 1455 667 turno
1489 596 1521 665 in
1550 595 1695 666 nihilum

193 710 414 804 redegerunt.
439 712 551 783 Aliter
577 736 632 783 res
655 712 771 782 evenit
794 714 827 782 in
851 713 1004 783 Dioecesi
1039 715 1262 804 augustana,
1287 713 1382 783 cuius
1406 712 1594 805 Episcopus
1622 713 1698 783 Mo-

193 829 348 898 nasteria
371 828 636 918 Giinzbnrgense
661 851 701 897 ac
726 827 916 899 Wetdense
941 828 1048 898 Tertii
1067 829 1204 925 Ordinis
1221 829 1284 898 sibi
1310 828 1502 918 resignata,
1527 850 1584 898 an.
1612 828 1697 898 1636

191 944 394 1035 acceptavit.
412 945 448 1013 lu
466 943 626 1035 Capitulo
651 945 813 1015 Generali
840 945 1012 1036 Romano,
1037 966 1092 1014 an.
1121 943 1207 1015 1639
1229 955 1356 1030 coactu,
1375 943 1418 1013 ad
1437 944 1636 1013 instantiam
1656 945 1694 1014 P.

193 1059 404 1152 Wollgangi
429 1060 564 1148 Grindl,
589 1061 741 1132 Ministri
767 1061 969 1131 Provinciae
993 1061 1202 1153 Tyrolensis,
1220 1061 1286 1130 ista
1303 1082 1366 1129 non
1383 1068 1519 1129 tantum
1543 1058 1586 1128 de
1610 1081 1697 1130 novo

191 1200 214 1246 a
238 1176 483 1248 Commissario
500 1177 662 1248 Generali
688 1176 898 1246 Germaniae
921 1176 1116 1268 superioris,
1140 1174 1199 1246 sed
1216 1175 1323 1245 etiam
1340 1174 1502 1245 Generali
1524 1174 1697 1244 residente

191 1315 255 1384 pro
279 1291 462 1362 Provincia
496 1291 675 1386 Tyrolensi
708 1302 743 1362 et
767 1292 940 1363 Bavarica
957 1293 1132 1384 deputato,
1150 1299 1310 1383 exempta
1327 1300 1362 1360 et
1379 1292 1411 1358 in
1430 1290 1528 1360 modo
1550 1289 1696 1380 regendi

195 1407 384 1480 Provinciis
408 1408 538 1494 ltaliae,
560 1409 687 1499 quibus
704 1409 859 1500 proxime
884 1408 1049 1494 imminet,
1075 1408 1302 1499 aequiparata
1321 1406 1395 1493 fuit,
1414 1406 1508 1476 facta
1531 1407 1637 1498 copia,
1655 1416 1693 1476 ut

192 1524 227 1592 in
250 1521 397 1611 singulis
421 1524 577 1593 trienniis
593 1524 752 1596 Minister
767 1522 963 1608 Generalis,
982 1535 1044 1593 aut
1060 1523 1323 1594 Commissarius
1340 1521 1522 1592 Generalis
1540 1520 1696 1592 familiae

192 1639 440 1710 Cismontanae
465 1639 748 1710 Commissarinm
773 1639 997 1709 Visitatorem
1023 1638 1177 1724 destinet,
1203 1638 1258 1729 qui
1286 1637 1502 1708 Provinciam
1528 1637 1695 1722 visitaret,

193 1754 228 1823 in
254 1754 413 1846 Capitulo
439 1754 644 1824 Provinciali
670 1754 906 1845 praesideret,
931 1768 966 1824 et
1000 1755 1062 1824 troc
1086 1753 1252 1839 absoluto,
1277 1752 1321 1823 ad
1345 1776 1456 1837 suam,
1477 1752 1696 1823 Provinciam

197 1870 343 1956 rediret,
370 1870 507 1941 residuo
532 1869 698 1960 regimine
723 1870 881 1941 Ministro
905 1869 1113 1940 Provinciali
1138 1890 1179 1938 ac
1203 1868 1394 1938 Maioribus
1419 1867 1618 1938 Provinciae
1643 1890 1696 1937 re·

196 1986 288 2056 licto.
313 1985 412 2056 Varii
439 1995 549 2056 motus
571 1995 694 2056 contra
718 1986 781 2057 hoc
804 1986 979 2057 decretum
1006 1996 1078 2055 tum
1103 1986 1136 2054 in
1160 1985 1253 2055 Aila
1271 1985 1461 2072 Caesarea,
1488 1992 1559 2053 tum
1584 1983 1695 2077 Tyro·

195 2101 277 2171 lensi
302 2125 325 2172 a
347 2113 448 2194 parte
472 2100 619 2172 adversa
643 2103 803 2190 excitati,
830 2102 1060 2178 Serenissima
1084 2101 1292 2194 Principissa
1316 2099 1465 2170 Claudia
1482 2099 1632 2187 volente,
1658 2109 1695 2168 ut
1728 2150 1731 2155 -

196 2227 394 2289 constanter
417 2226 692 2305 conservaretur,
708 2219 797 2309 quod
815 2219 1001 2312 prudenter
1025 2218 1159 2288 Rornae
1179 2226 1256 2288 erat
1273 2224 1389 2287 actum
1406 2226 1442 2285 et
1458 2215 1692 2301 constitutum,

199 2333 229 2404 in
253 2357 382 2404 vanum
406 2335 566 2405 abierunt
582 2338 602 2404 ¹.

281 2448 337 2520 23.
362 2452 428 2520 An.
456 2450 537 2520 1641
567 2451 767 2521 Maxentius
789 2450 834 2520 ab
858 2453 966 2537 Arce,
992 2449 1256 2522 Commissarius
1280 2447 1461 2520 Generalis
1484 2445 1693 2517 Germaniae

197 2567 398 2661 superioris,
422 2567 465 2637 de
489 2565 628 2638 licentia
650 2566 791 2660 speciali
816 2566 1047 2638 Gonnnissarii
1065 2565 1247 2636 Generalis
1273 2563 1427 2634 familiae
1452 2562 1694 2633 Cismontanac

196 2683 354 2776 Capitulo
377 2683 596 2770 Provinciali,
618 2683 652 2753 in
677 2684 853 2753 Conventa
878 2682 1112 2776 Oouipontano
1136 2681 1263 2768 habito,
1290 2678 1473 2773 praesedit,
1490 2687 1526 2748 et
1549 2678 1616 2747 hac
1638 2701 1693 2747 oc-

190 2798 328 2869 casione
351 2797 444 2890 apud
462 2797 728 2870 Serenissimam
759 2798 960 2886 Claudiam,
997 2798 1164 2891 Tyroleos
1198 2799 1465 2892 Principissam,
1490 2796 1630 2882 institit,
1656 2804 1693 2866 ut

189 2924 350 3000 curaret,
374 2921 543 3005 quatenus
566 2913 736 2984 Coenobia
769 2912 958 3006 Seraphica
982 2914 1169 3006 Tyroleos,
1205 2914 1238 2983 in
1274 2913 1367 2983 valle
1403 2913 1574 2983 Athesina
1610 2910 1693 2981 Pro·

185 3029 325 3100 vinciae
351 3029 385 3099 S.
410 3029 547 3100 Antonii
573 3051 727 3118 annexa,
753 3030 798 3099 ab
831 3031 900 3100 ista
935 3030 1169 3100 avellerentur
1204 3037 1240 3100 et
1277 3029 1479 3100 Provinciae
1507 3026 1689 3121 Tyrolensi

184 3145 483 3235 adiungerentur,
508 3153 587 3237 ant,
611 3145 676 3216 hoc
699 3145 744 3217 ad
768 3145 929 3217 effectum
956 3168 1020 3217 nou
1055 3146 1266 3234 deducendo,
1299 3146 1362 3217 illa
1386 3147 1419 3216 in
1442 3144 1690 3239 particularem

187 3259 412 3332 Provinciam
439 3260 689 3353 redigerentur.
716 3262 941 3332 Serenissima
964 3263 1009 3332 ad
1033 3263 1182 3355 primum
1206 3271 1368 3354 punctum
1386 3263 1429 3332 ob
1453 3259 1691 3332 inconvenien-

187 3377 245 3447 tia
269 3377 358 3447 inter
382 3377 450 3448 FF.
476 3377 582 3449 ltalos
605 3387 641 3449 et
664 3379 856 3450 Germanos
891 3400 1077 3470 eorumque
1108 3379 1325 3451 Monasteria
1359 3389 1453 3450 certo
1476 3379 1603 3449 certius
1627 3378 1692 3448 ori·

188 3504 293 3577 tura,
319 3491 467 3562 rotunda
490 3493 629 3586 repulsa
652 3493 753 3581 data,
778 3494 871 3564 circa
894 3494 1079 3565 secundum
1116 3517 1212 3564 suam
1238 3495 1487 3582 assistentiam,
1524 3516 1578 3564 an.
1607 3493 1692 3564 1643

181 3616 313 3699 optato
338 3605 465 3678 effectu
489 3607 707 3696 decoratam,
732 3609 898 3701 promisit.
933 3608 1033 3679 ltlens
1069 3609 1334 3696 Serenissimae,
1371 3608 1553 3702 praefatae
1578 3608 1689 3679 unioni

181 3722 369 3809 obsistens,
393 3723 427 3792 in
451 3723 726 3816 Congrogatione
749 3725 914 3795 Generali
937 3725 1153 3812 intermedia,
1172 3726 1306 3796 Romae
1322 3725 1508 3812 celebrata,
1524 3748 1547 3794 a
1570 3723 1608 3793 P.
1626 3725 1691 3793 Bo-
1778 3726 1783 3731 '

186 3839 296 3928 nigno
318 3838 361 3908 de
378 3838 509 3925 Genua,
531 3838 774 3910 Commissario
797 3841 962 3911 Generali
981 3840 1135 3912 familiae
1152 3821 1404 3927 Cisniontanae‚
1422 3840 1466 3911 ad
1490 3840 1690 3911 instantiam

186 3952 231 4023 P.
255 3953 421 4025 Friderici
437 3953 580 4042 Gailler‚
603 3955 752 4025 Ministri
775 3954 877 4027 Pr'ov.
902 3956 1020 4051 Tyrol.
1045 3957 1156 4027 eidem
1173 3957 1374 4050 praesentis
1392 3979 1446 4026 an.
1468 3955 1552 4026 1642
1569 3978 1690 4047 appro-

194 4068 275 4139 bata
302 4069 386 4161 lnit3
411 4070 446 4138 in
469 4071 591 4140 eadem
617 4070 681 4142 hoc
704 4071 880 4142 decretum
904 4073 938 4141 in
964 4071 1120 4144 savorem
1145 4073 1348 4143 Provinciae
1373 4073 1574 4166 Tyrolensis
1596 4094 1690 4141 ema·

198 4185 309 4255 navit:
334 4183 825 4272 111111111111111118.
851 4188 1052 4258 Solootorr's
1088 4187 1303 4280 Horrporr'oe
1337 4197 1374 4258 et
1401 4187 1544 4280 Tyrolr's
1566 4187 1689 4257 1111111

184 4299 439 4388 praecedentia
464 4302 560 4370 11111
584 4301 795 4374 Proor‘actos
823 4303 1690 4398 0611111111111111111111,1111111111111111-

199 4415 267 4487 1111
290 4416 588 4507 Reformatorem
605 4419 836 4509 1111111111,
870 4419 1053 4490 1111116111.
1083 4420 1234 4490 Maiores
1257 4421 1459 4492 Provinciae
1491 4420 1689 4512 Tyrolensis

198 4551 248 4599 an.
275 4530 1005 4625 1643111113111111111111111111
1036 4557 1090 4607 an.
1120 4537 1204 4607 1614
1229 4538 1262 4605 in
1288 4537 1447 4629 Capitulo
1478 4535 1687 4607 Provinciali

196 4656 395 4735 statuerunt,
419 4649 589 4740 quasdam
608 4649 762 4737 Clausas,
786 4674 844 4722 seu
863 4653 1112 4723 Monasteriola
1129 4653 1381 4724 Tertiariarum
1399 4653 1433 4721 in
1451 4652 1577 4722 Suevia
1593 4651 1688 4743 plan-

202 4838 458 4853 ——n—-n

298 4928 305 4962 ¹
327 4930 440 4982 Monuni.
460 4930 536 4982 l‘rov.
556 4931 645 4996 Tyrot.
665 4931 755 4984 Franc.
774 4946 805 4984 ac
825 4932 897 4996 ttogit
917 4935 1084 4986 t‘urttiononts
1104 4934 1227 4986 llatensts.
1242 4935 1387 4998 Scriptores
1406 4935 1430 4984 tu
1445 4932 1620 4997 descriptione
1637 4934 1686 4984 Mo·

202 5028 362 5079 maenarum
383 5027 575 5080 Monacenslum
595 5029 620 5079 in
640 5031 735 5094 Angor,
756 5029 859 5081 ltiudtcr
878 5044 908 5081 ac
928 5031 1031 5083 ttittricti
1050 5031 1187 5096 altrgmdi.
