3750 6082
468 119 632 170 eaovme.
655 121 784 171 araon.
808 121 863 173 rr.
890 122 1013 171 ursos.
1039 122 1170 171 aaron.
1530 103 1575 176 25

69 248 189 311 tantas
211 242 319 327 serio,
342 250 385 311 ut
404 242 496 312 traria
522 242 694 312 Nostram
718 230 960 329 intentionem,
985 244 1049 314 ubi
1069 267 1157 337 opus
1179 247 1315 335 fuerit,
1340 247 1571 337 manifestes,

69 366 295 428 reservantes
319 358 430 428 Nobis
455 359 492 427 in
516 360 744 428 eontrarium
768 368 931 429 eventum
958 384 1020 429 sau
1041 369 1232 445 coenatum,
1256 362 1379 431 omnia
1407 363 1572 433 remedia

69 473 174 567 apud
194 473 320 544 Sedens
343 473 579 567 Aqostolieam
613 482 649 543 et
670 475 751 545 alvis
774 476 889 546 motis
911 476 1072 545 omnibus
1096 476 1306 547 adbibenda.
1346 468 1510 548 Ceterum
1538 487 1570 548 to

68 615 153 661 curn
176 590 305 660 ordine
325 597 362 660 et
383 590 566 680 tratribus
589 591 744 661 eiusdem
769 590 906 662 Nostra
929 593 1116 663 elementia
1135 594 1402 686 prosequimur.

161 707 279 777 Datne
303 706 508 776 incivitate
530 715 653 776 nostra
680 705 936 799 Oenipontuna.
962 708 998 779 6.
1029 708 1140 779 (letob.
1166 709 1235 779 An.
1262 709 1382 780 1629.

250 940 406 1009 Ioannes
431 938 601 1008 Lrnassa
1140 939 1351 1010 Leopoeoos

75 1169 337 1262 Correspondet
361 1168 544 1260 Oriqinali
563 1169 607 1239 de
631 1170 734 1240 verbo
869 1170 929 1239 An
950 1170 1163 1241 intentatum
1178 1171 1409 1241 Smenossimi
1426 1170 1577 1242 Dornini

68 1285 120 1355 ad
142 1285 299 1356 verbmn.
325 1285 386 1355 Ita
409 1294 471 1356 est.
496 1285 716 1356 Franaisous
996 1286 1211 1357 Arebutuons
1228 1288 1438 1380 proprium.

73 1399 253 1471 Ilenrn'cus
276 1400 404 1492 Sifrid
425 1400 517 1470 Mira
543 1399 651 1471 Pror.
677 1401 776 1493 Mpp.
1148 1402 1260 1472 Saron
1285 1403 1526 1472 Hsnranonr.

161 1632 218 1705 21.
243 1632 405 1704 Urbanus
428 1633 518 1702 VIII.
545 1631 616 1701 PP.
640 1655 696 1702 an.
726 1631 955 1703 163013u11a:
982 1632 1084 1702 altas
1108 1657 1130 1703 a
1154 1633 1272 1718 nobi's,
1297 1655 1376 1703 mox
1399 1632 1571 1719 sistenda,

74 1749 216 1819 Ilullam
241 1750 518 1819 Saorosanrtum
541 1749 769 1841 Apostolatus
792 1749 1050 1819 Ministerium.
1075 1772 1130 1819 an.
1159 1749 1244 1820 1628
1267 1751 1376 1820 latam
1404 1772 1445 1820 ac
1469 1773 1500 1819 n.
1522 1751 1572 1821 19.

71 1888 274 1958 expressam
299 1864 569 1936 confirmativnis
594 1865 714 1936 robore
737 1863 865 1950 affecit,
891 1865 1112 1936 Provideiam
1136 1865 1358 1960 Tysolensem
1394 1866 1437 1936 de
1464 1866 1572 1935 domi-

76 1981 166 2051 ciliis
188 1980 379 2073 seraphicis
402 1980 559 2072 aquisitis
582 1991 616 2050 et
639 1981 835 2071 aquirendis
857 2004 1013 2052 securam
1038 1981 1197 2067 reddidit,
1219 2002 1260 2051 ae
1283 1982 1346 2051 sub
1369 1981 1486 2074 poenis
1509 1980 1570 2050 sibi

77 2096 273 2168 arbitrariis
295 2096 405 2183 iussit,
431 2105 470 2166 ut
495 2119 601 2188 neque
626 2097 658 2165 in
683 2095 858 2189 Capitulis
882 2119 990 2189 neque
1015 2098 1048 2168 in
1072 2097 1404 2187 Congregationibus
1421 2097 1573 2167 Genera-

80 2211 166 2284 libus
201 2210 257 2283 vel
280 2223 381 2282 extra
404 2235 464 2282 eas
486 2212 667 2304 quisquam
702 2212 823 2303 quavis
857 2213 1063 2285 auctoritate
1100 2213 1253 2304 Iungam,
1283 2212 1473 2303 quidquam
1497 2221 1571 2282 tam

78 2329 165 2398 eirca
182 2329 285 2398 istam
302 2327 533 2414 Provinciam,
549 2350 654 2418 quarn
672 2326 765 2397 illius
782 2327 950 2399 Coenobia
968 2327 1120 2398 alterare
1137 2335 1198 2398 aut
1226 2327 1412 2397 immutare
1428 2326 1535 2419 possit
1549 2331 1572 2397 ¹.

616 2558 791 2630 Uassands
816 2559 917 2628 Pars
941 2560 1032 2630 VIII.

513 2791 575 2861 Ad
589 2799 806 2884 perpetuom
830 2792 887 2861 rei
907 2793 1132 2863 memoriam.

160 3024 264 3096 Alias
279 3049 304 3095 a
318 3024 431 3096 Nobis
453 3030 676 3095 emanarant
697 3024 840 3094 litterae
857 3024 988 3093 tenoris
1010 3023 1271 3117 subsequentis,
1288 3023 1471 3094 videlieet:
1504 3023 1571 3093 Ur·

69 3136 183 3211 banus
206 3139 312 3233 Papa
343 3139 448 3210 VIII.
472 3147 535 3211 ete.
560 3139 835 3210 Sacrosanetum
859 3140 1088 3231 Apostolatus
1111 3138 1361 3208 illinisterium
1388 3147 1452 3210 ete.
1483 3138 1571 3209 Cum

65 3253 194 3349 inque
214 3256 310 3326 snm
330 3255 455 3326 dilecti
475 3263 538 3326 eto.
562 3253 697 3346 reliqua
719 3255 828 3324 verba
852 3275 883 3323 n.
912 3254 962 3325 19.
986 3255 1154 3346 producta
1177 3261 1264 3324 sunt.

166 3371 256 3444 Cum
281 3379 402 3441 autem
424 3371 520 3441 sient
534 3393 607 3463 pro
624 3377 735 3462 parte
756 3370 914 3440 eiusdem
938 3370 1134 3462 Reliqvonis
1157 3369 1270 3441 Nobis
1292 3369 1407 3439 denuo
1431 3370 1572 3461 eupasi-

58 3491 148 3558 lum
168 3488 259 3579 suit,
284 3488 363 3581 ipsa
384 3510 452 3580 pro
474 3487 637 3579 feliciori
657 3486 773 3556 dietae
797 3484 1013 3556 Provinciae
1036 3511 1077 3557 ae
1100 3486 1387 3578 Reformutionis
1403 3487 1441 3554 in
1457 3508 1499 3556 ea
1517 3486 1570 3554 in-

53 3604 257 3675 traiectae
275 3604 504 3688 incremento,
530 3602 696 3696 illiusque
715 3602 903 3672 domorum
920 3603 1159 3690 Reqularium
1174 3603 1449 3687 conservatione,
1459 3624 1570 3694 prae-

52 3721 179 3791 missa
197 3742 269 3812 per
290 3717 366 3789 Nos
387 3718 502 3788 deum
525 3718 724 3810 approbari
743 3725 781 3786 et
801 3719 1028 3809 confirmari,
1045 3718 1188 3811 aliaque
1212 3717 1376 3810 desuper,
1400 3725 1442 3786 ut
1465 3718 1570 3808 infru

45 3843 270 3929 opportune
286 3833 499 3928 provideri,
521 3856 745 3925 summopere
767 3832 955 3918 desideret,
980 3833 1055 3905 Nos
1078 3834 1237 3903 eiusdem
1261 3834 1457 3922 Retiqnonis
1480 3834 1571 3902 votis

46 3945 284 4035 huiusmodi,
306 3962 480 4045 quantum
501 3973 582 4019 cum
606 3949 759 4019 Domino
776 3972 976 4041 possumus,
1002 3949 1148 4041 benique
1168 3973 1341 4034 annuere,
1365 3974 1407 4019 ao
1430 3951 1570 4040 fratres

40 4066 272 4154 praeurens
296 4065 530 4159 amplioribus
552 4066 739 4158 favoribus
772 4072 809 4136 et
836 4066 970 4157 qratia
987 4067 1162 4159 prosequi
1183 4066 1352 4151 veleiates,
1376 4089 1570 4157 omniaque

49 4183 272 4272 sinpsdares
289 4205 463 4274 personas
484 4206 508 4252 a
540 4181 722 4276 quibusvis
756 4183 1139 4252 ereommunicationis
1173 4191 1236 4252 ete.
1269 4182 1480 4252 absolventes
1503 4188 1567 4250 ete.

51 4297 386 4391 sripplr'cationibus
408 4297 565 4368 eiusdem
588 4298 783 4385 Reliqionis
807 4298 917 4368 Nobis
939 4321 1048 4390 super
1081 4298 1143 4369 boe
1178 4299 1365 4368 bunutr'ter
1390 4300 1570 4389 porrectis

61 4412 245 4501 inclinati,
267 4414 312 4484 de
335 4413 418 4484 Van.
444 4413 625 4486 Fratrum
640 4415 859 4485 Nostrorum
874 4415 910 4485 S.
930 4415 973 4485 R.
991 4415 1034 4485 Ε.
1059 4414 1311 4485 Cardinalinm
1327 4415 1476 4505 nepotiis
1501 4415 1569 4483 Re·

64 4530 256 4615 ffldarium
272 4532 566 4624 praepositorum
599 4532 761 4616 consitio,
789 4531 1038 4623 praeinsertas
1072 4531 1211 4600 litteras
1246 4531 1454 4601 buv'mmodi
1485 4554 1567 4600 erem

71 4646 234 4716 omnebus
255 4655 292 4717 et
311 4647 463 4738 sinqmis
487 4647 525 4716 in
547 4647 597 4717 eis
618 4651 800 4731 contentis,
824 4647 1028 4739 Apostoliea
1062 4647 1279 4717 auctoritate
1314 4653 1434 4716 tenore
1457 4668 1568 4737 prae·

79 4763 223 4832 aarum
241 4771 416 4856 perpetuo
438 4763 680 4856 approbamus
703 4771 739 4834 et
759 4765 1041 4855 confirmamus,
1067 4764 1205 4857 diisque
1228 4762 1446 4833 inviolabilis
1472 4763 1567 4854 Apo·

177 5016 186 5052 ¹
207 5017 321 5070 Monam.
340 5018 382 5069 eit
401 5015 474 5071 θοοὶ.
494 5016 556 5072 Orb.
576 5019 685 5084 serapti.
706 5024 722 5071 t.
742 5017 766 5069 5.
787 5032 812 5084 p.
833 5017 885 5070 315
904 5032 935 5070 ac
954 5017 1014 5070 317.
