3750 6082
600 116 764 169 rnovmc.
788 115 916 166 runnu.
939 116 992 164 ns.
1017 116 1140 166 nrnon.
1164 115 1295 166 suren.
1638 93 1706 167 217

217 266 451 361 nonagenaria.
476 266 663 339 Praesente
685 266 967 348 instrumentum,
994 266 1151 337 savorem
1175 264 1319 336 Comitis
1354 263 1530 357 Rudolphi
1556 263 1705 358 comple·

208 382 304 455 ttens
322 404 363 454 ae
385 381 424 453 in
448 381 605 475 linguam
628 382 791 454 Latinam
814 388 1084 453 transmutatum
1101 385 1121 451 ¹.

299 610 371 685 Nos
393 612 611 700 Schultetus,
636 613 791 699 Iudaees,
816 611 1054 704 Mooistrotus
1081 619 1117 682 et
1144 612 1243 684 Oc‘oes
1266 613 1487 699 universim,
1511 612 1639 683 divites
1669 621 1704 681 et

183 737 397 822 pauperes,
421 729 581 800 cautam
617 728 857 817 Rotteuburoc'
892 728 1119 799 declaramus
1152 727 1207 798 tu's
1241 728 1358 798 literis
1392 753 1433 798 nc
1470 729 1705 821 rerunifestum

181 830 362 922 [fleamus
384 845 568 931 omuibus,
586 852 779 940 postquam
803 843 942 915 Nobilis
964 852 1001 914 et
1014 844 1174 916 Illustrc‘s
1196 843 1317 916 Comes
1332 844 1540 939 Ituctolphus
1564 844 1608 914 ob
1635 843 1704 915 Ho-

180 940 392 1053 ekemep,
416 961 573 1055 optimus
593 968 712 1031 noster
745 984 787 1030 uc
818 961 999 1051 protiosus
1036 961 1228 1045 Dominus,
1265 960 1427 1031 honestus
1451 985 1492 1031 oc
1516 960 1702 1051 retrpiosas

185 1056 381 1147 Dominus
394 1080 419 1163 ⁸,
444 1075 668 1148 Prrorimom
690 1085 724 1146 et
752 1076 949 1148 Conventus
973 1077 1140 1162 Sorores,
1164 1077 1265 1167 culpo
1282 1077 1332 1147 od
1352 1076 1520 1148 Clausum
1542 1076 1704 1168 superio·

187 1184 264 1261 rig
285 1193 481 1280 Ecclesiae,
505 1216 711 1287 currumque
732 1215 860 1263 eurum
879 1193 1130 1285 posteritatem
1161 1192 1294 1283 pretiis
1329 1201 1364 1261 et
1379 1192 1588 1284 prc‘uc‘leqic's
1612 1195 1704 1285 offe·

197 1298 273 1395 tit,
296 1309 335 1379 in
354 1317 572 1402 perpetuum
595 1309 784 1395 valituris,
807 1309 865 1377 utr'
897 1308 995 1400 zpsoe
1030 1308 1157 1379 literne
1192 1308 1415 1378 authenticae
1445 1307 1704 1401 perhibente&

206 1426 325 1498 ouum
343 1426 504 1518 protenso
528 1424 680 1496 Domino
701 1433 823 1494 nostro
845 1422 889 1493 de
913 1423 1139 1515 Hocheubero
1162 1424 1290 1509 datae,
1317 1448 1378 1494 nos
1401 1447 1538 1519 petoque
1561 1424 1702 1494 eusdem

212 1542 347 1627 {teuteus
360 1549 397 1611 et
413 1539 630 1634 poenitentia,
645 1562 737 1634 quae
752 1539 850 1610 orobc's
875 1539 1067 1610 nolentibus
1089 1547 1125 1609 et
1145 1539 1439 1609 consentientibus
1455 1565 1477 1610 o
1493 1539 1595 1611 modo
1611 1539 1705 1610 dvcto

213 1658 363 1747 patrem
386 1657 539 1728 Domino
562 1664 683 1727 nostro
706 1656 836 1727 collato
858 1658 1032 1748 ficerunt,
1056 1656 1171 1726 enodis
1193 1655 1354 1726 omm'bns
1377 1665 1463 1726 rato
1486 1680 1528 1726 oc
1550 1657 1705 1749 firmato

211 1762 349 1856 tubere,
371 1773 467 1844 secut
482 1772 735 1866 praesentibus
756 1772 850 1843 husee
871 1781 957 1843 rato
981 1796 1022 1842 oc
1045 1774 1200 1862 firmato
1215 1772 1402 1858 hebemus,
1419 1796 1462 1841 nc
1475 1795 1544 1866 pro
1568 1773 1608 1842 in
1618 1796 1705 1865 per·

203 1897 355 1983 petrem
389 1888 557 1961 vetiturus
591 1890 831 1981 senescimus,
867 1889 1020 1960 uolentes
1054 1889 1183 1974 etium,
1218 1913 1263 1958 ne
1278 1890 1456 1981 praefatu
1486 1888 1617 1960 Clausa
1640 1898 1708 1960 uret

205 2006 355 2078 Sorores
376 2005 535 2077 eiusdem
554 2016 759 2099 praesentes
782 2016 818 2077 et
838 2009 990 2099 futurae
1015 2006 1274 2077 cncommmhnn
1294 2006 1472 2099 queodctum
1495 2014 1561 2076 aaut
1575 2028 1705 2076 cenom

197 2123 420 2215 patiuntur,
443 2145 511 2215 quo
533 2122 651 2193 minus
674 2120 781 2193 dictes
798 2123 1007 2216 prirn‘lepc'r‘s
1030 2130 1065 2191 et
1083 2122 1218 2211 pretiis
1253 2120 1363 2192 h'bere
1385 2129 1422 2191 et
1443 2122 1561 2216 qrcc‘ete
1584 2121 1643 2190 uti
1663 2144 1705 2191 oc

200 2237 294 2330 frui
307 2245 450 2331 possent
458 2262 474 2323 ;
496 2238 792 2331 appromz'ttc'mus
807 2246 927 2309 nutem
942 2237 1128 2308 omm'lc'um
1144 2245 1307 2308 nostruin
1330 2243 1366 2306 et
1382 2236 1542 2321 tutelo-m,
1566 2259 1705 2306 omnem

200 2352 282 2423 vim
303 2360 340 2423 et
359 2353 537 2424 iniustum
560 2355 779 2425 r‘neosr'onem
802 2379 825 2426 a
848 2355 1039 2426 Sororibus
1056 2363 1093 2425 et
1106 2378 1234 2425 curcum
1252 2354 1465 2446 posteritate
1483 2353 1654 2443 ,otcooc‘ter
1669 2361 1704 2422 et

201 2468 367 2562 fideliter
388 2478 553 2541 avertere
570 2473 711 2564 parati.
736 2471 782 2541 In
804 2472 933 2543 horum
963 2472 1075 2563 fidem
1108 2480 1144 2541 et
1176 2471 1510 2562 confirmationem,
1535 2477 1640 2564 utque
1663 2469 1702 2538 iu

202 2585 451 2656 testimonrum
474 2587 638 2658 ueritatis
659 2586 724 2657 tros
759 2587 883 2658 lc'teros
917 2587 1065 2672 ononis,
1099 2587 1215 2677 sepr'tlo
1254 2586 1421 2657 Gc'or'totrlr
1445 2584 1703 2677 Rottenburpi,

197 2701 389 2771 communi
408 2703 569 2773 omnium
591 2704 735 2775 consilio
758 2712 794 2773 et
815 2703 856 2774 ot
878 2706 996 2796 foetos
1018 2703 1115 2774 uotis
1133 2727 1258 2796 preces
1274 2726 1428 2796 appenso
1452 2695 1624 2786 numitor,
1646 2698 1705 2770 die

199 2815 343 2888 Mortis
359 2826 445 2911 post
464 2816 613 2889 Festum
638 2820 809 2906 Paschae,
833 2843 927 2891 cucco
950 2843 973 2890 u
997 2819 1202 2891 thc'm‘tote
1242 2818 1382 2890 Christi
1403 2818 1609 2901 millesimo,
1635 2825 1704 2886 tre·

196 2934 414 3020 centenno,
438 2937 645 3028 octopesr‘mo
663 2937 798 3029 primo.

295 3164 371 3236 2111.
396 3166 462 3238 An.
489 3166 577 3238 1580
599 3167 655 3240 die
678 3170 710 3239 7.
736 3169 829 3263 Sept.
853 3169 1082 3239 Parthenium
1109 3169 1172 3239 hoc
1195 3190 1217 3238 a
1240 3169 1343 3239 Prov.
1361 3171 1509 3261 Argent.
1527 3166 1703 3252 avulsum,

198 3288 242 3352 et
264 3280 444 3376 Tyrolensi
470 3306 645 3355 annexum
670 3292 743 3372 est,
766 3285 914 3356 Domina
948 3286 1066 3356 Matre
1103 3284 1321 3356 Wendlstein
1353 3308 1431 3355 eum
1459 3283 1500 3353 10
1524 3283 1705 3354 Sororibus

191 3397 248 3469 ·P.
271 3397 458 3471 Henricum
483 3400 679 3490 Sedulium,
705 3401 903 3473 Ministrum
928 3402 1198 3489 provincialem,
1220 3424 1398 3473 censuum
1417 3401 1634 3493 Superiorem
1652 3421 1705 3469 re·

198 3516 421 3604 verentibus,
445 3526 481 3589 et
506 3540 653 3590 unacum
679 3518 722 3589 R.
748 3518 892 3591 Domino
927 3519 1099 3590 Zacharia
1135 3518 1250 3609 Figeh
1291 3498 1481 3612 Capellano
1504 3541 1545 3587 ac
1581 3539 1703 3586 earum

201 3634 441 3723 confessario,
477 3634 520 3705 de
554 3643 634 3706 actu
672 3635 734 3706 hoc
769 3636 1001 3706 testimonium
1039 3634 1239 3706 ferentibus.
1275 3636 1318 3706 D.
1355 3635 1498 3705 Ioannes
1532 3632 1705 3723 Georgius

203 3748 386 3839 Halmair,
411 3748 612 3822 Schultetus
635 3750 965 3842 serentur-gensis,
990 3774 1046 3821 an.
1074 3750 1160 3821 lus-3
1183 3750 1322 3822 cicurum
1339 3774 1452 3837 suam,
1470 3748 1704 3840 Rottenhurgi

201 3866 326 3953 sitam,
352 3864 562 3938 Monialibus
585 3866 854 3959 Pfullinganis³,
878 3876 913 3938 et
936 3891 991 3938 an.
1019 3867 1107 3938 lum
1141 3864 1498 3957 Rottenburgeirsibus
1532 3887 1600 3935 una
1626 3887 1703 3935 cum

202 3980 308 4052 vinea
330 4002 372 4051 ac
395 3980 536 4073 praedio
559 3981 714 4053 feudali⁴
739 3982 782 4053 eb
806 3984 1003 4076 pecuniam,
1030 3994 1149 4055 mutuo
1175 3983 1316 4068 datam,
1348 4003 1409 4074 per
1434 3981 1570 4052 modum
1596 3980 1704 4073 hypo-

201 4097 330 4167 thecae
351 4096 578 4191 transcripsit.
607 4098 814 4191 Rudolphus
849 4100 889 4170 Il.
925 4101 1117 4193 imperator
1153 4122 1208 4169 an.
1237 4098 1325 4170 1597
1348 4097 1533 4191 privilegia
1557 4096 1703 4167 istarum

202 4212 373 4284 firmavit.
399 4212 585 4285 Exeelsum
608 4215 782 4308 Regimen
806 4215 982 4307 Oenipont.
1007 4216 1293 4308 Hohenbergensi
1319 4215 1513 4287 Dicasterio
1536 4235 1590 4284 an.
1619 4212 1704 4284 16117

312 4531 322 4565 ¹
341 4530 416 4585 Crus.
435 4537 510 4598 parte
528 4533 553 4585 t.
572 4533 589 4585 1.
608 4532 633 4585 6.
652 4546 675 4587 c.
694 4533 719 4586 5.
740 4535 818 4586 Suev.
839 4534 933 4586 Eccles.
948 4549 974 4600 p.
989 4533 1210 4587 nosternon).
1225 4535 1334 4599 Serape.
1353 4535 1394 4587 cit
1408 4533 1503 4587 chron.
1518 4534 1592 4585 Prot.
1612 4531 1700 4597 Tyrut.

208 4644 234 4695 p.
253 4629 314 4683 215.
333 4630 448 4683 hunum.
467 4630 551 4685 citata

312 4725 376 4779 ¹hu
395 4728 565 4793 explicandus
583 4731 654 4783 venit
673 4732 798 4783 terminus
817 4734 917 4784 Germ:
937 4732 1048 4785 Fruuen.

309 4824 322 4861 ⁸
340 4827 507 4881 Parthenium
525 4829 587 4893 hoc,
607 4842 622 4880 a
641 4826 758 4882 Clarissts
777 4829 840 4880 ottnr
860 4829 1044 4893 inhabitatum,
1064 4833 1089 4882 in
1111 4831 1243 4883 Provincia
1259 4830 1390 4898 ergenttn.
1406 4829 1566 4881 t'rnnctsceu.
1582 4826 1702 4894 pluribus

205 4924 353 4981 exhibetur.

310 5021 322 5058 ⁴
340 5024 366 5076 tn
386 5024 559 5078 instrumento
578 5024 665 5079 Germ.
689 5025 743 5079 Vor
762 5024 849 5081 Letum
868 5034 985 5081 tuentur.
