3766 6090
614 437 777 488 raovmc.
801 438 929 488 reson.
954 439 1008 488 rs.
1034 439 1158 487 aimon.
1182 439 1320 488 maroa.
1661 418 1726 489 lm

207 561 324 640 sartis
356 560 495 654 Regiis„
531 582 620 630 anno
653 561 738 631 cit¹
763 560 818 632 die
852 561 906 632 211.
933 562 1027 655 Sept.
1062 562 1096 631 in
1131 563 1327 654 praesentia
1358 562 1546 649 Lcoaardi,
1572 562 1722 634 Abbatis

205 677 458 765 Wiitinensis,
483 699 524 747 ao
549 676 613 746 fati
649 677 797 748 Abbatis
822 678 969 749 Comadi
1005 678 1182 771 praedicto
1218 679 1358 749 Vicario
1394 679 1603 750 Provinciali
1629 702 1721 750 coni-

195 797 329 882 misit,
354 793 615 865 Maximitianus
647 793 703 864 dio
750 794 799 864 18.
834 796 908 865 Oct.
945 818 1031 867 novo
1059 795 1248 888 diplomate
1283 804 1392 866 totum
1416 818 1500 888 opus
1534 795 1719 867 stabilivit.

190 918 312 988 Sisto
332 911 446 981 Breve
471 911 615 1006 Papale,
640 919 675 983 ot
697 910 765 983 duo
788 911 979 1006 diplomata
1004 911 1253 982 Archiducalia
1273 914 1298 982 ².

757 1144 919 1215 Suras
952 1146 1017 1215 [V.
1049 1145 1186 1215 Pars.

445 1374 578 1445 Dilectc
602 1374 682 1446 Fili
701 1376 867 1463 salntem,
890 1384 926 1446 et
948 1377 1186 1470 Apostoticam
1211 1377 1354 1447 benedic
1364 1377 1504 1447 tionem.

309 1605 560 1676 Intelleximus
581 1610 763 1699 referente
788 1606 899 1678 Nobis
921 1608 1047 1678 diiecto
1077 1607 1155 1699 filio
1180 1607 1313 1678 Nostro
1338 1609 1373 1678 S.
1405 1607 1525 1678 Tituli
1547 1608 1671 1699 Sernii
1690 1617 1727 1679 ct

181 1721 356 1794 Bacchi
377 1721 590 1815 Presbytero
620 1723 810 1794 Cnrdinaii
832 1723 1023 1810 Aprensc'³,
1052 1724 1146 1818 qnod
1168 1732 1342 1794 crescente
1364 1747 1516 1793 nicrnero
1542 1723 1724 1794 Fratrem

184 1839 265 1908 teci
300 1838 457 1910 Ordinis
480 1840 519 1907 in
544 1840 613 1909 ista
638 1838 833 1911 Provincia
851 1840 1100 1932 ptarimormn
1132 1841 1268 1909 iteratio
1292 1840 1437 1933 capiat,
1472 1847 1512 1908 nt
1540 1840 1724 1911 iacentem

185 1956 291 2025 tria
319 1955 397 2025 alia
421 1954 494 2024 ioca
510 1954 687 2040 haberitis,
713 1955 813 2025 niodo
830 1956 930 2026 Sedis
950 1956 1173 2049 Apostolicae
1196 1957 1395 2027 ancctoritas
1412 1957 1604 2026 interesset.
1631 1956 1723 2042 Nos,

183 2073 274 2167 qui
301 2071 420 2142 cecitas
451 2071 570 2140 divini
586 2073 923 2165 arnplificationem,
948 2072 1141 2163 Reliqionis
1151 2073 1474 2165 propapationem,
1501 2098 1542 2143 ac
1566 2081 1725 2143 cestram

183 2187 505 2260 commoditatem
520 2195 557 2257 et
570 2188 730 2280 qnccetnnt
753 2195 888 2258 statam
906 2189 1049 2258 intensis
1072 2187 1261 2257 desideriis
1278 2192 1512 2280 affectamus,
1537 2212 1622 2281 qeeos
1636 2212 1724 2257 seni·

184 2329 278 2400 per
300 2312 469 2398 paterna
491 2303 670 2374 charitate
691 2327 814 2373 sicanas
832 2306 1034 2397 prosecuti,
1058 2313 1093 2373 et
1116 2329 1210 2375 nime
1236 2312 1407 2398 tanqaean
1425 2305 1629 2398 peculiares
1648 2328 1724 2397 spe·

187 2421 310 2491 ciali
332 2442 456 2491 artiore
473 2420 744 2512 prosequimur,
769 2420 982 2511 confidentes
1006 2422 1151 2506 animo,
1175 2421 1269 2515 qnod
1287 2443 1356 2512 per
1379 2421 1550 2490 boirarmn
1575 2399 1724 2513 opera-nc

194 2547 427 2608 cestr-oram
460 2539 627 2627 srnctnrn
651 2536 766 2606 eniteas
802 2537 876 2629 ipse
907 2537 1069 2623 divinas,
1105 2547 1140 2606 et
1156 2538 1375 2630 popaloram
1411 2537 1548 2606 (teretia
1586 2537 1725 2606 inistis

190 2653 391 2748 partibas
415 2653 530 2743 sinapis
553 2676 594 2722 ac
617 2653 733 2743 accipis
757 2653 796 2721 in
824 2653 899 2721 dies
922 2661 1054 2723 crescet
1074 2661 1110 2722 et
1137 2654 1448 2743 (inopinentabitar,
1477 2654 1561 2737 tibi,
1593 2677 1635 2723 ac
1652 2676 1725 2746 pro

201 2776 384 2861 tempore
407 2767 662 2838 successoribus
687 2769 758 2837 tais
783 2771 982 2860 praefatae
1004 2769 1222 2839 Provinciae
1251 2768 1430 2854 Vicariis,
1463 2777 1502 2838 at
1539 2770 1614 2838 tria
1649 2768 1725 2838 alia

204 2883 293 2954 ioca
327 2885 399 2954 iam
423 2883 638 2975 aedificata,
661 2908 722 2954 sen
749 2885 985 2977 inposterum
1009 2884 1256 2976 aedificamini,
1273 2908 1354 2953 earn
1372 2883 1553 2968 Ecclesia,
1577 2908 1726 2976 canipa-

206 2999 294 3084 nis,
328 2998 604 3092 comparationi,
636 2996 828 3085 Clanst-ris,
852 3000 1088 3081 coemeteriis,
1112 2999 1225 3069 nortis
1248 3008 1284 3070 et
1309 3000 1393 3069 aliis
1418 3000 1625 3069 >secessionis
1650 3001 1725 3090 offl-

208 3113 338 3200 cinis,
359 3116 393 3185 si
414 3115 507 3185 alias
530 3115 626 3185 oobc's
650 3100 805 3206 lem'tc'rne
827 3139 985 3186 concessa
1008 3117 1152 3207 snem'nt
1174 3116 1383 3203 (attentando
1409 3139 1477 3185 tion
1493 3090 1568 3185 sint
1591 3116 1724 3185 Dorias

213 3229 257 3297 ccl
300 3231 502 3302 Conventus
531 3230 839 3317 Corinentnniiam,
862 3240 898 3303 et
911 3233 988 3302 sine
1003 3233 1074 3301 alio
1091 3232 1336 3324 prneiaair'cio)
1364 3233 1401 3301 in
1424 3232 1548 3301 eadem
1573 3231 1724 3301 Provin-

212 3343 256 3411 cia
292 3348 480 3440 reciperc,
503 3355 539 3417 et
560 3356 705 3441 recepta
730 3356 847 3418 tenere
865 3349 1011 3441 possitis
1033 3356 1069 3417 ct
1092 3349 1260 3434 caleatis,
1278 3348 1426 3442 plemam
1450 3357 1485 3417 et
1507 3348 1657 3417 liberam
1681 3348 1724 3416 a·-

211 3463 375 3533 eeatz'am
398 3464 612 3535 ercamritatc
647 3464 849 3556 Apostoiica
882 3472 1002 3535 terrore
1028 3466 1276 3557 praesentiam
1304 3465 1500 3554 elarnimas
1544 3488 1584 3533 ac
1612 3463 1723 3533 etiam

213 3576 448 3666 societatem,
472 3603 626 3650 necnon
651 3589 693 3650 nt
714 3579 886 3664 Frates,
911 3583 974 3675 qai
998 3583 1035 3650 in
1058 3581 1162 3650 eiectis
1186 3581 1269 3651 iocis
1291 3583 1341 3650 sic
1365 3581 1520 3672 recepti,
1555 3587 1596 3648 at
1611 3604 1723 3672 prac-

214 3690 401 3780 nittitnr,
424 3695 683 3782 morabantur,
707 3696 870 3766 omm'bns
891 3705 926 3765 et
947 3697 1097 3785 sinentis
1108 3697 1334 3789 privileqiis,
1357 3696 1511 3786 pretiis,
1538 3695 1723 3785 indesinen-

218 3805 263 3873 tit't
296 3832 350 3880 aa
370 3810 543 3896 incinitis,
568 3812 652 3882 aliis
674 3812 758 3881 Iocis
781 3820 815 3880 et
843 3812 1075 3882 Coriccntilms
1099 3813 1226 3882 nestris
1251 3812 1384 3882 Minor.
1411 3812 1451 3880 B.
1478 3810 1670 3880 Francisei
1685 3812 1722 3879 in

218 3943 349 4013 attere
367 3927 620 4021 praenotantes
641 3929 808 3997 concessis
841 3937 875 3997 et
905 3928 1152 4012 concedendis,
1181 3929 1238 3997 nti
1267 3936 1301 3995 et
1329 3928 1489 4015 ⁸(parciore
1518 3927 1655 4019 possint
1685 3935 1722 3994 et

225 4032 377 4130 adeant,
400 4066 472 4113 non
495 4043 711 4114 obstantibus
728 4044 793 4135 fel.
817 4044 954 4114 record.
973 4045 1160 4135 Bom'sacii
1183 4042 1305 4136 Papae
1329 4044 1361 4110 V
1360 4042 1424 4113 III
1426 4098 1445 4128 .,
1470 4042 1720 4112 Praestecesso-

231 4158 273 4224 ris
312 4156 455 4245 Nostri,
489 4159 640 4252 aliispnc
661 4159 968 4230 constitntconibns
999 4168 1033 4230 et
1067 4159 1355 4229 ordinatiom'bns
1388 4158 1621 4251 Apostolicis,
1659 4182 1721 4225 nec

136 4268 139 4337 i
236 4287 293 4339 vion
317 4272 400 4343 dicti
432 4275 579 4346 Ordinis
604 4276 723 4346 inrato
757 4276 1033 4367 confirmatione
1066 4275 1287 4368 apostatica,
1313 4283 1348 4342 et
1379 4275 1507 4368 qaams
1530 4274 1722 4366 firnatatc

254 4493 494 4514 Q—

332 4644 340 4679 ¹
357 4647 474 4701 Veritatis
491 4662 507 4699 a
525 4661 608 4712 scopo
626 4645 747 4699 aberrant
765 4647 923 4711 Scriptores,
943 4627 1043 4697 tantiam
1063 4645 1214 4698 Coiivemas
1233 4645 1266 4696 ad
1285 4661 1326 4696 tin.
1353 4645 1417 4696 1111
1438 4652 1601 4697 soromatas.

331 4742 467 4798 'tionum
487 4745 563 4798 Prov.
583 4744 671 4811 'tyrot
695 4759 725 4798 ac
743 4742 826 4797 Conv.
845 4746 920 4796 Soza.
945 4745 1105 4797 Franciscm
1126 4747 1204 4795 (iona.
1225 4746 1276 4795 inin
1302 4746 1342 4795 cit.
1365 4743 1440 4795 Wad.
1469 4752 1485 4796 t
1510 4743 1547 4794 15.
1574 4758 1615 4794 cn.
1655 4743 1719 4794 151111

251 4836 443 4910 1111111331,
467 4858 509 4896 sin.
533 4843 598 4895 11107
622 4842 754 4904 ῐι.13.,ι.
779 4844 817 4895 111.
841 4858 882 4894 aa
913 4842 977 4894 1311
1007 4858 1030 4894 a.
1060 4842 1101 4894 57.
1129 4844 1323 4895 Woickrnaeia
1349 4843 1373 4894 ia
1401 4842 1495 4893 Circa.
1523 4843 1553 4894 11.
1580 4843 1604 4893 S.
1626 4843 1722 4906 Tyrot.

249 4936 430 5006 11341165.
451 4941 533 4996 [inab.
554 4944 579 4994 tn
604 4940 699 4995 Chion.
717 4944 766 4995 cot.
786 4941 837 4994 631
856 4948 904 4994 etc.
931 4942 1003 4995 Coat.
1030 4941 1091 4994 Orb.
1118 4944 1225 5008 Sarepta
1254 4953 1271 4995 ι.
1295 4942 1319 4993 1.
1340 4958 1364 5007 p.
1392 4941 1443 4994 3111
1470 4950 1495 4994 et
1521 4942 1641 5007 pluribus
1661 4956 1720 5009 seq.

157 5076 160 5083 -
247 5036 319 5094 011111.
334 5041 370 5093 cit„
390 5056 417 5107 p.
440 5042 482 5094 131
510 5047 558 5094 etc.
579 5042 687 5108 Herzog.
709 5058 734 5107 p.
754 5042 802 5110 67,
822 5057 869 5095 aec
893 5057 943 5094 non
970 5051 1043 5108 parm
1062 5052 1158 5107 postor.
1180 5057 1204 5107 p.
1225 5043 1266 5094 tt.
1293 5042 1350 5093 Fac
1371 5042 1446 5093 t‘rov.
1467 5043 1537 5093 Aust.
1560 5056 1585 5107 p.
1613 5042 1645 5092 (18
1666 5051 1719 5094 ete.

243 5135 319 5194 etalii.

326 5232 400 5290 ³Per
418 5237 489 5291 hunc
514 5237 586 5291 venit
610 5235 713 5291 Gabriel
738 5237 772 5291 do
796 5238 913 5304 Verona,
939 5237 1054 5290 itinorita
1079 5235 1246 5303 observans,
1273 5238 1297 5289 in
1322 5238 1378 5289 1.1.
1406 5238 1456 5289 mei
1483 5237 1572 5302 operis
1595 5235 1722 5302 pluribus

232 5345 371 5403 uranus
