3766 6090
187 354 242 425 30
839 375 1042 426 cnuomcou

278 499 517 588 Sigismundus
540 499 757 584 Franciscns,
784 500 963 570 drchidux
990 499 1213 587 Austriacus,
1248 499 1435 594 Episcopus
1459 500 1687 572 Tridentinus

188 614 233 683 ad
257 614 457 684 instantiam
482 615 686 715 Provinciae
721 614 938 707 TyrolensiS,
965 626 1039 686 tum
1063 615 1132 685 FF.
1168 615 1341 687 Minorum
1377 617 1683 704 Reformatorum,

189 743 259 799 tum
285 731 564 823 Capuccinorum,
581 731 718 801 decreto
742 754 796 800 an.
824 732 909 801 1662
924 731 979 801 dio
1009 731 1058 802 17.
1082 731 1172 800 lunii
1190 732 1276 820 lato,
1301 732 1462 826 Capitulo
1485 732 1686 804 Tridentino

188 847 353 934 iniunxit,
370 857 446 916 uta
470 847 655 918 Provincia
678 847 881 917 Tridentina
898 847 932 918 S.
958 846 1080 938 Vigilli
1106 848 1174 916 PF.
1191 847 1366 919 Minorum
1382 847 1686 931 Reformatorem,

187 962 220 1031 in
237 962 340 1031 Valle
355 962 590 1033 Flammarum
623 962 738 1033 sedem
770 962 879 1052 figere
909 962 1115 1050 meditante,
1140 971 1300 1056 expetat,
1328 972 1364 1033 ut
1386 963 1447 1034 det
1480 962 1687 1047 reversuras,

186 1080 275 1171 qnod
301 1079 332 1148 in
357 1079 456 1166 locis,
481 1080 535 1148 ubi
561 1078 733 1149 alterutra
759 1079 913 1149 latarum
939 1079 1200 1149 Provinciarum
1224 1078 1450 1150 collecturam
1476 1078 1545 1148 vini
1574 1100 1691 1148 recen·

186 1205 255 1279 set,
281 1218 317 1264 se
341 1218 403 1288 pro
426 1196 505 1264 viuo
528 1194 722 1285 colligendo
745 1195 906 1286 ingerere
930 1194 1026 1265 nolit.
1051 1196 1089 1264 ln
1112 1194 1208 1264 calce
1233 1195 1313 1265 anni
1331 1196 1427 1281 tacti,
1453 1194 1620 1264 videlicet
1635 1194 1690 1264 die

186 1312 241 1382 31.
255 1312 416 1382 Decernb.
436 1311 681 1381 Serenissimns
697 1312 879 1381 Archidux
896 1311 1139 1382 Ferdinandus
1157 1311 1311 1397 Carolus,
1329 1310 1499 1404 Tyroleos
1516 1312 1693 1405 Princeps,

188 1426 342 1496 Caldarii
367 1427 576 1497 variolorum
604 1427 823 1517 malignitate
847 1451 912 1498 non
935 1428 1053 1518 paucis
1068 1428 1189 1499 diebus
1206 1434 1372 1516 vexatnS,
1390 1428 1603 1500 conscientia
1627 1451 1690 1520 per

189 1543 305 1635 plures
340 1543 594 1632 exomologeses
628 1543 725 1613 Patri
761 1545 933 1634 Casimiro
966 1544 1095 1628 Scht'rz,
1128 1544 1308 1616 Definitori
1345 1544 1554 1615 Provinciae
1578 1544 1692 1636 Tym-

190 1658 304 1744 lensiS,
329 1658 503 1751 depositas
533 1660 691 1751 expiata,
718 1659 779 1729 SS.
805 1659 1047 1730 Eucharistiae
1071 1683 1112 1730 ac
1137 1659 1326 1730 Extremae
1354 1659 1534 1731 Unctionis
1564 1659 1693 1730 Sacra·

193 1775 317 1844 meinis
341 1774 573 1863 confortatus,
609 1774 845 1867 Principatum
881 1799 957 1845 cum
994 1775 1069 1844 uita
1092 1775 1232 1846 dimisit.
1257 1774 1437 1846 Demortui
1468 1776 1631 1846 intestina
1657 1778 1690 1845 in

189 1891 317 1983 templo
341 1889 553 1960 Caldariensi
578 1891 773 1961 Conventus
798 1893 904 1962 nostri
930 1892 974 1961 ad
1010 1891 1130 1983 pedem
1168 1893 1263 1963 Arae
1288 1893 1322 1962 S.
1359 1893 1498 1963 Antonii
1523 1891 1691 1962 Patavini

192 2006 296 2077 humo
320 2007 486 2075 mandata
511 2008 623 2093 fuere,
649 2006 779 2098 reliquo
804 2031 943 2100 corpore
967 2008 1191 2100 Oeuipontem
1217 2009 1387 2079 translato
1410 2015 1446 2078 et
1471 2009 1506 2077 in
1531 2007 1695 2079 Ecclesia

190 2124 391 2193 lesuitarum
417 2123 559 2215 sepulto.
584 2123 756 2194 Successit
781 2124 859 2194 huic
883 2125 1034 2216 Principi
1059 2125 1134 2194 eius
1167 2126 1278 2195 frater
1303 2124 1545 2215 Sigismnndus
1578 2124 1696 2193 Fran-

189 2239 313 2322 ciscnS,
338 2240 407 2329 qui,
433 2238 513 2308 licet
536 2239 741 2308 charitatem
768 2245 1034 2311 antecessorum
1060 2239 1170 2311 relate
1195 2240 1239 2310 ad
1275 2240 1488 2310 Conventum
1518 2239 1696 2334 Oenipon·

192 2366 308 2423 tanum
336 2353 486 2423 nonnihil
512 2355 743 2440 restrinxerit,
780 2364 936 2426 attamen
967 2356 1101 2447 gratias
1123 2355 1202 2426 aliis
1233 2355 1414 2426 domiciliis
1437 2356 1605 2426 Fratrum
1631 2365 1695 2427 aut

194 2471 353 2541 Sororum
379 2470 524 2540 collatas
548 2472 712 2541 lirinavit.
733 2473 822 2541 Anu.
843 2472 928 2543 1663
951 2472 1059 2564 plenis
1076 2471 1229 2542 dammis
1245 2472 1358 2565 erupit
1381 2472 1529 2565 primum
1554 2471 1691 2542 bellum

189 2586 381 2671 Turenum,
408 2586 577 2679 Leopoldo
601 2588 625 2656 l.
652 2588 792 2658 Caesari
818 2599 962 2674 motum,
998 2612 1064 2680 quo
1100 2589 1260 2659 immanis
1292 2588 1466 2658 exercitus
1487 2587 1689 2658 Turcarum

189 2703 406 2791 ilungariam
432 2702 619 2788 inundavit,
645 2728 685 2773 ac
709 2703 810 2795 plura
835 2704 909 2774 loca
944 2704 1070 2774 ibidem
1106 2705 1262 2775 insuam
1295 2712 1501 2796 potestatem
1528 2703 1691 2794 redegit3

188 2842 269 2911 pars
292 2818 444 2889 eiusdem
470 2819 548 2888 exin
574 2818 733 2889 Silesiam
758 2830 793 2889 et
818 2819 1029 2906 Moraviam,
1066 2819 1179 2889 altera
1215 2843 1296 2890 vero
1331 2819 1507 2889 Croatiam
1532 2840 1575 2888 ac
1601 2820 1694 2890 lines

189 2935 328 3027 Styriae
352 2935 498 3027 petebat,
522 2958 618 3005 snam
644 2935 824 3005 saevitiam
851 2936 973 3026 ubique
995 2958 1168 3006 exercens.
1186 2936 1370 3006 Occasione
1389 2937 1508 3006 horum
1528 2942 1691 3006 motuum

190 3051 286 3121 multi
312 3051 453 3121 Fratres
478 3051 739 3121 Provinciarum
767 3051 979 3142 Hungariae,
1005 3051 1193 3122 llohemiao
1218 3076 1257 3121 ac
1294 3052 1458 3122 Austriae
1483 3050 1607 3141 fugam
1634 3074 1696 3121 ca·

189 3175 379 3259 possentes,
405 3168 437 3236 in
464 3167 644 3238 Provincia
668 3168 848 3259 Tyrolensi
886 3168 1002 3237 nidum
1037 3169 1272 3260 expetierunt3
1310 3151 1469 3238 fraterne
1496 3167 1531 3236 in
1562 3168 1692 3240 eadem

189 3304 295 3374 nsque
319 3283 363 3353 ad
388 3306 516 3353 annum
540 3306 610 3376 seq.
635 3286 716 3376 (quo
740 3285 830 3354 inter
855 3284 988 3355 Furcas
1011 3294 1046 3354 et
1068 3284 1257 3356 Caesareos
1285 3283 1438 3354 indutiae
1468 3283 1695 3375 coaluerunt)

188 3399 370 3468 sustentati
385 3403 407 3468 ¹.
1059 3464 1062 3469 .

276 3513 330 3583 26.
356 3514 575 3604 Sigismundo
599 3515 797 3601 Francisco,
823 3515 894 3585 filio
919 3514 1080 3607 Leopoldi
1098 3515 1302 3584 Archiducis
1319 3536 1359 3584 ac
1383 3514 1560 3602 Claudiae,
1588 3514 1695 3585 Prin-

188 3629 261 3721 cipe
285 3628 452 3720 Tyreleos
476 3629 508 3697 in
535 3629 660 3700 falcem
685 3631 804 3701 mortis
827 3653 882 3699 an.
913 3629 997 3699 {effi
1019 3630 1075 3698 die
1091 3629 1145 3699 25.
1163 3630 1245 3698 lunii
1272 3640 1362 3715 acto,
1387 3628 1585 3722 Leopeldus
1619 3654 1692 3722 qua

189 3745 378 3835 Imperator
403 3745 640 3815 Romanorum
666 3747 689 3814 1.
716 3745 870 3816 habenas
894 3745 1060 3838 Tyroleos
1094 3768 1134 3815 ac
1171 3744 1294 3836 reliqui
1328 3753 1479 3831 tractus,
1515 3746 1689 3817 Austriae

188 3860 353 3930 anteriori
378 3861 512 3930 nomine
536 3861 699 3950 distincti,
723 3862 796 3930 iure
815 3860 1050 3931 haereditario
1066 3860 1257 3953 capessivit,
1275 3860 1463 3953 Oeniponte
1480 3860 1536 3931 die
1559 3860 1593 3931 2.
1612 3863 1691 3934 Oct.

188 3975 338 4045 eiusdem
365 3998 418 4045 an.
444 3983 593 4063 attacta,
619 3977 806 4047 solemnem
830 3976 934 4046 fidem
960 4000 982 4046 a
1005 3976 1150 4046 subditis
1166 3976 1406 4069 praefatarum
1424 3975 1609 4065 regionum
1628 4002 1692 4050 ex-

187 4091 323 4184 cipiens.
350 4092 425 4161 Hac
450 4093 623 4162 occasione
649 4092 835 4162 Pirminius
859 4116 880 4161 a
904 4092 994 4178 Zirl,
1032 4092 1192 4161 Minister
1226 4091 1429 4162 Provinciae
1461 4092 1692 4184 Tyroleusis‚

187 4206 358 4276 calculum
382 4207 630 4299 eleemosynae,
655 4232 699 4277 ox
723 4209 841 4299 pratia
864 4231 999 4281 summa
1016 4209 1283 4299 augustissimae
1300 4209 1422 4280 domus
1438 4210 1652 4283 Austriacae
1669 4237 1692 4284 a

188 4333 342 4416 tempore
367 4324 598 4394 Maximiliani
625 4326 647 4393 l.
674 4323 847 4414 usquead
873 4324 1135 4394 Sereuissimum
1162 4324 1422 4413 Sipisrnundum
1458 4323 1688 4398 Franciscum

189 4439 469 4529 (gloriosissimae
495 4440 696 4529 memoriae)
721 4439 923 4509 Provinciae
947 4439 1128 4530 Tyrolensi
1154 4449 1215 4508 aut
1250 4438 1326 4509 eius
1360 4439 1593 4510 Conventilius
1621 4443 1694 4513 col-

188 4554 299 4641 latae,
325 4555 582 4645 dugustissimo
607 4555 775 4647 porrexit,
814 4554 1006 4623 humillime
1043 4555 1207 4644 rogitans,
1232 4562 1272 4623 ut
1295 4554 1510 4646 praedictam
1535 4555 1692 4629 eleemo-

187 4692 309 4763 synam
335 4671 542 4740 confirmare
566 4670 737 4759 dignetur.
763 4671 1018 4761 augustissimo
1042 4670 1096 4739 lris
1120 4670 1277 4763 precibus
1301 4670 1358 4739 die
1378 4671 1427 4741 16.
1445 4670 1520 4742 Oct.
1537 4672 1689 4744 subscri·

188 4787 306 4871 bente,
332 4786 468 4856 excelsa
492 4787 658 4872 Camere,
694 4787 747 4856 cui
784 4787 848 4855 lroc
884 4786 1057 4877 negotium
1093 4786 1330 4873 commissum,
1355 4786 1586 4858 tribunalibus
1615 4791 1690 4863 suis

188 4903 411 4990 mandatum,
437 4903 526 4973 hunc
551 4902 704 4974 favorem
730 4903 922 4974 executioni
946 4902 1061 4990 dandi,
1086 4925 1140 4972 an.
1167 4902 1254 4972 1666
1269 4902 1325 4972 die
1352 4903 1402 4973 16.
1426 4903 1580 4974 Ianuarii
1607 4907 1691 4977 sul)-

296 5185 498 5239 lMonumeit
519 5198 636 5238 necnon
666 5182 747 5237 Conv.
768 5182 938 5247 Ocnipontani
967 5196 997 5232 ue
1024 5179 1204 5234 Culdarionsis
1226 5182 1304 5234 l‘orro
1329 5180 1507 5234 Fevdlnundus
1525 5179 1639 5235 Carolus
1659 5199 1692 5238 ac

189 5284 374 5348 sigismundus
394 5284 545 5336 Franciscus
564 5281 725 5347 Lcopoldum
746 5280 919 5332 dvclrlducem
938 5292 969 5329 nc
988 5276 1122 5330 Claudiam
1142 5293 1191 5344 pro
1211 5281 1266 5332 suis
1285 5279 1438 5345 parentibus
1456 5288 1644 5343 suspexerunt.
