3750 6082
464 132 618 182 Pnovrnc
652 131 781 181 TYROL.
805 131 858 181 FF.
884 131 1007 181 lllNOR.
1031 131 1162 180 REFOR.
1521 108 1566 178 'l'l

101 260 127 321 et
142 262 351 326 conservator
373 255 498 324 iurium
523 263 558 324 et
582 254 842 348 privilegiorum
867 253 1129 339 Minoritarnm,
1149 252 1182 322 in
1200 252 1384 323 Provincia
1406 251 1570 323 Aleman-

102 368 158 440 niae
186 370 370 463 superioris
404 371 627 455 morantium,
663 369 888 457 constitutus,
926 369 1128 441 Praelatum
1165 369 1399 440 Basileenscm
1425 369 1460 439 S.
1484 368 1569 441 Leo-

100 486 188 567 nardi,
203 510 244 557 ac
261 486 527 579 {biburgensem
552 487 704 556 omnium
730 489 950 573 Sanctorum,
975 486 1182 580 diplomate,
1209 484 1390 556 Selestadii
1408 507 1463 556 an.
1484 486 1570 556 1351

21 682 24 689 Ι
95 596 136 667 dio
153 603 183 675 8.
205 603 289 673 Maii
315 603 471 693 signato,
495 603 696 696 deputavit,
722 611 760 673 ut
782 602 860 673 illos
882 603 972 673 omni
1000 602 1100 674 modo
1123 612 1158 671 et
1180 603 1254 672 iure
1277 601 1477 672 defendant.
1502 602 1569 671 An.

94 712 166 785 1378
185 720 274 791 inter
296 719 341 790 R.
366 718 409 791 R.
435 719 475 791 P.
500 720 538 790 P.
564 718 835 810 Augustinianos
869 718 1060 805 ErernitaS,
1095 718 1337 789 Dominicanos
1361 740 1403 787 ac
1426 717 1571 789 Minori·

10 858 14 873 ·
85 838 126 903 tas
160 837 335 909 conventio
368 838 462 908 circa
496 838 787 908 conservationem
824 836 1086 932 privilegiorum
1118 836 1162 907 dc
1185 860 1211 907 s,
1247 836 1414 907 tribunali
1451 836 1572 908 Poeni·

79 953 218 1039 tentiae,
254 953 441 1045 sepulturis
463 962 499 1024 et
522 952 600 1024 aliis
633 953 776 1025 obiectis
810 954 1045 1040 obtentorum,
1085 954 1180 1025 facta
1214 963 1276 1026 est.
1312 953 1504 1047 Leopoldus
1527 953 1571 1024 de

72 1060 306 1161 Clrieregatis,
330 1069 548 1140 decretorum
574 1068 719 1154 Ductor,
745 1068 932 1163 Episcopus
964 1069 1243 1157 ConcordiensiS,
1268 1069 1460 1139 Alexandri
1485 1069 1569 1139 Vl.¹

66 1174 141 1251 ΡΡ.
170 1184 442 1257 Refercndarius
465 1184 686 1273 domesticuS,
710 1192 828 1256 orator
853 1187 886 1255 in
909 1186 1138 1257 Germaniam
1164 1186 1300 1272 missus,
1325 1184 1485 1255 fidelibus
1508 1207 1569 1277 pro

64 1301 266 1383 reparando
289 1311 325 1371 et
348 1299 586 1372 conservando
609 1300 785 1370 Conventu
807 1300 870 1371 hoc
901 1324 942 1371 ac
964 1301 1038 1371 eius
1063 1300 1219 1371 Ecclesia
1246 1323 1344 1392 opem
1372 1299 1569 1388 ferentibus,

59 1430 94 1477 ac
133 1413 173 1485 in
193 1424 322 1509 septem
347 1418 388 1487 n.
411 1416 453 1486 V.
479 1415 633 1503 Mariae,
660 1416 694 1487 S.
720 1418 858 1504 Annae,
885 1416 920 1487 S.
946 1416 1107 1507 Martini,
1144 1416 1358 1503 Sebastiam,
1395 1415 1430 1486 8.
1463 1417 1572 1485 Fran·

56 1522 153 1601 cisci
181 1542 216 1603 et
250 1531 485 1603 Dedicationis
511 1532 608 1602 ustis
630 1531 753 1604 devote
778 1532 874 1603 illam
899 1533 1135 1621 visitantibus,
1161 1533 1207 1603 40
1229 1533 1362 1602 dierum
1388 1530 1572 1623 indulgen-

57 1640 139 1715 tias
164 1672 185 1719 a
206 1648 458 1737 criminalibus,
482 1656 519 1720 et
540 1672 644 1720 nuum
681 1672 806 1721 annum
843 1649 886 1720 de
921 1648 1115 1719 venialibus
1149 1646 1571 1743 peccatisan.1498111.

55 1756 214 1834 Calend.
238 1763 376 1835 Octobr.
400 1765 579 1836 concessit.
605 1768 703 1837 Anno
731 1763 816 1836 1506
849 1764 904 1835 die
927 1764 981 1835 23.
1012 1767 1158 1855 August.
1190 1763 1453 1852 'l'helarnouius,
1486 1763 1569 1835 aliis

55 1871 291 1967 Tilmannus,
317 1879 504 1973 Episcopus
537 1880 815 1974 Tripolitanus'‚
853 1880 1106 1972 Suffraganeus
1129 1882 1355 1969 Basileensis,
1380 1882 1463 1955 Ord.
1487 1882 1573 1954 Ere-

58 1990 237 2067 mitarum
264 1995 300 2066 S.
325 1995 528 2087 Augustini,
554 1999 661 2067 Aram
689 1997 723 2068 S.
749 1998 871 2067 Annae
902 1998 1059 2090 expensis
1084 1998 1208 2069 nobilis
1232 2022 1273 2069 ac
1297 1999 1428 2070 strenui
1453 1998 1572 2070 militis

60 2104 281 2183 Theudorici
304 2112 348 2181 de
371 2111 541 2182 Blumrck
572 2137 613 2184 ac
649 2113 904 2202 Margaretbae
927 2114 970 2184 de
994 2113 1199 2199 Landeclrlr,
1223 2116 1297 2186 eius
1319 2115 1490 2207 coniugis,
1514 2138 1573 2186 ex·

60 2230 257 2313 structam,
282 2228 315 2297 in
341 2227 503 2298 honorem
529 2229 564 2299 S.
588 2230 723 2315 Annae,
761 2250 822 2300 nec
855 2252 920 2300 non
945 2230 1006 2301 SS.
1030 2229 1214 2317 Florentii,
1239 2230 1406 2318 Romani,
1434 2230 1570 2301 Eucha-

65 2338 140 2427 rii,
164 2342 329 2415 Fridolini
354 2350 390 2415 et
413 2343 637 2416 Elisabethae
672 2345 932 2436 Tlruringianae
968 2346 1232 2417 consecrationis
1268 2346 1389 2416 favore
1418 2346 1571 2438 excepit,

71 2458 294 2551 lndulgentia
314 2460 516 2531 socierum
542 2460 671 2531 addita.
695 2460 766 2532 Leo
789 2461 835 2531 X.
860 2460 931 2531 PP.
957 2460 1082 2548 Bulla,
1108 2484 1161 2533 an.
1191 2460 1277 2532 1513
1298 2463 1374 2533 Vll.
1392 2462 1465 2532 Cal.
1490 2462 1565 2532 lulii

76 2589 238 2665 exarata,
263 2577 392 2650 limites
415 2579 636 2672 sepulturae,
660 2602 722 2674 pro
745 2578 922 2650 extraneis
944 2578 1149 2672 deputatae,
1175 2580 1317 2665 definit,
1335 2603 1376 2650 ac
1393 2580 1571 2651 Coemete·

81 2690 167 2763 rium
187 2715 311 2766 novum
336 2704 437 2766 extra
461 2719 577 2768 muros
599 2696 724 2782 situm,
767 2695 923 2789 Campus
944 2705 1086 2767 sanciris
1110 2706 1172 2766 aut
1195 2696 1419 2767 Hocef‘fomo
1442 2719 1568 2768 nuncu·

87 2816 213 2901 patum,
237 2812 373 2881 exstrui
398 2810 506 2882 voluit
519 2814 542 2882 ⁸.
1538 2902 1541 2907 Ι

167 2924 216 2997 68.
239 2925 377 2998 lncolae
400 2926 598 2999 Conventus
632 2927 874 3020 Friburgensis
909 2929 955 3000 ab
989 2928 1085 3000 initio
1107 2928 1314 3014 Minoritae,
1344 2935 1406 2998 aut
1430 2928 1571 2998 Franci·

98 3039 174 3109 scari
191 3051 251 3113 aut
274 3040 475 3134 Nudipedes
497 3043 706 3136 nuncupati,
737 3043 831 3139 lapsu
858 3045 1020 3136 temporis
1044 3044 1087 3114 ad
1114 3043 1248 3114 laxiora
1272 3042 1511 3127 deflexerunt,
1536 3052 1573 3115 et

10 3222 13 3253 ἱ
103 3170 241 3241 amoueo
264 3156 552 3229 Conventualium
574 3167 805 3232 attraxerunt.
823 3161 1085 3232 Maximilianus
1102 3161 1125 3230 1.
1143 3161 1273 3231 Caesar
1289 3159 1363 3230 vita
1379 3158 1574 3250 irreligiosa

106 3284 194 3341 etrum
215 3272 385 3361 offensus,
409 3273 556 3346 Leonem
580 3275 626 3346 X.
652 3274 721 3346 PP.
746 3277 920 3362 convenit,
946 3285 985 3348 ut
1009 3275 1082 3347 loco
1112 3299 1231 3347 eorum
1266 3276 1498 3348 Observantes
1523 3276 1573 3346 in·

108 3382 279 3460 traduceret.
303 3390 372 3461 lste
396 3390 571 3481 negotium
604 3390 669 3462 hoc
703 3391 819 3463 debito
853 3392 972 3463 ordine
996 3402 1219 3486 peracturus,
1244 3391 1406 3462 Ministro
1429 3391 1573 3462 Provin-

108 3490 167 3567 ciat
182 3500 377 3575 Provinciae
393 3506 654 3598 Argentinensis
670 3506 954 3578 Conventualium
973 3508 1135 3593 iniunxit,
1155 3516 1192 3577 ut
1208 3507 1352 3577 Fratres
1369 3506 1470 3578 istius
1485 3507 1572 3577 Con·

110 3622 201 3688 ventus
219 3619 262 3691 ad
286 3620 396 3692 vitam
422 3622 646 3692 reformatam
672 3621 834 3709 reducat,
860 3624 1009 3710 minans,
1034 3623 1123 3714 quod
1148 3623 1174 3693 si
1194 3623 1256 3693 hoc
1273 3623 1328 3693 isti
1346 3622 1572 3714 negligerent,

110 3718 343 3808 Observantibus
366 3736 561 3809 Conventus
585 3737 834 3810 adiudicandus
858 3738 913 3810 sit.
931 3739 998 3808 lsto
1016 3737 1218 3808 mandatum
1237 3737 1337 3808 Sedis
1353 3736 1574 3829 Apostolicae

113 3855 159 3909 101
175 3859 391 3945 exsequente,
406 3874 561 3924 summus
576 3853 738 3925 Pontifex
763 3852 886 3942 Bulla,
911 3855 1047 3925 Romae
1066 3855 1117 3924 l2.
1136 3853 1283 3924 Ianuarii
1302 3875 1356 3924 an.
1378 3852 1464 3924 1515
1478 3853 1573 3954 data,

113 3946 366 4038 blauoenrium
396 3967 640 4062 Campegium,
676 3968 824 4039 electum
859 3968 1095 4056 lobrensem,
1131 3969 1304 4040 Nuntium
1339 3969 1572 4062 Apostolicum

112 4085 155 4154 111
170 4076 383 4153 Germaniam
406 4090 443 4154 et
466 4083 691 4156 Visitatorem
710 4084 994 4158 Reformatorum
1011 4085 1215 4179 primarium
1232 4085 1419 4156 coustituit.
1437 4085 1571 4155 Sociam

111 4200 216 4273 ⁰l0tam
237 4198 396 4269 adiunxit
417 4199 491 4292 ipse
515 4199 647 4271 Caesar
669 4199 875 4294 diplomate,
907 4203 1089 4293 Augustae
1113 4224 1167 4272 au.
1197 4200 1283 4272 1515
1306 4201 1361 4271 dio
1383 4200 1437 4270 22.
1463 4200 1573 4291 April.

112 4295 228 4401 siflato,
251 4314 396 4385 Senatui
419 4314 644 4409 Friburgensi
668 4316 702 4386 in
725 4316 899 4388 mandatis
925 4317 1028 4403 dans,
1052 4324 1092 4387 ut
1116 4317 1395 4388 reformationem
1420 4316 1573 4387 Conven-

112 4416 162 4507 llb
178 4448 232 4520 per
254 4429 497 4503 immissionem
521 4431 789 4503 Observantium
814 4433 860 4504 ad
884 4433 1047 4503 effectum
1072 4432 1326 4520 deducendam,
1362 4440 1573 4525 promoveat.

112 4632 342 4661 Ἢ-

186 4745 195 4782 ¹
212 4748 367 4817 b'euttquam
386 4748 438 4815 tv..
457 4756 548 4816 utpote
566 4750 618 4802 tam
637 4763 679 4802 un.
701 4749 765 4801 raet
787 4764 802 4802 e
821 4751 945 4802 vivorum
965 4750 1064 4804 calculo
1083 4751 1171 4802 amoti.

184 4842 244 4899 ‘tta
262 4844 378 4899 Nonum.
396 4844 479 4900 Conv.
499 4846 618 4914 Frtburg.
637 4847 663 4899 ln
684 4848 762 4900 Suov.
783 4848 879 4941 Erotes.
898 4862 924 4913 p.
945 4848 1005 4899 311.
1024 4854 1134 4900 voantur
1151 4848 1197 4911 Ep.
1218 4847 1401 4912 tttpponcnsts.

184 4940 196 4977 ⁸
212 4942 287 4997 wart
305 4949 324 4997 1.
343 4958 385 5018 an.
408 4944 488 5011 rara,
508 4958 534 4997 n·
552 4945 596 4998 38.
615 4946 694 4997 Suev.
713 4945 809 4998 Ecctes
830 4959 856 5012 p.
876 4945 935 4998 313.
961 4945 1074 4997 bonum.
1092 4944 1167 4996 Prov.
1188 4942 1276 5007 Tyrol.
1295 4957 1326 4995 nc
1345 4941 1427 4995 Conv.
1452 4942 1570 5011 Friburg.

99 5030 236 5093 threan.
