3766 6090
191 436 233 507 10
831 462 1034 514 cunoumou

188 605 262 666 rus,
287 581 331 651 R.
356 579 398 651 P.
424 580 464 652 F.
490 580 649 653 Henrico
670 582 813 654 Sedulio
843 583 1095 656 Cominissorio
1116 587 1327 681 Apostolico,
1343 598 1379 660 et
1399 590 1577 663 Ministro
1595 592 1683 665 Pro-

188 699 326 767 cincioc
355 696 499 790 Tyrolis
521 697 739 790 (liquissimo,
763 701 915 770 solident
938 702 976 770 iu
999 703 1151 774 Donuuo
1172 706 1442 797 sempiternom.

280 813 572 907 Quandoquidem
598 815 636 883 iu
659 838 785 885 rerum
804 818 1130 908 permntutt'orn'bus
1161 819 1297 890 midiae
1319 820 1551 912 difficultates
1574 846 1686 894 einer

183 953 268 1021 perc
289 931 419 1014 solent,
443 931 538 1024 qnod
569 933 679 1001 otium
713 931 752 1002 in
789 933 859 1003 isio
894 932 1111 1005 Provinciae
1139 935 1285 1029 Tyr-olis
1312 938 1487 1008 erectione
1509 942 1687 1031 futurum

186 1070 256 1115 csse
278 1046 427 1116 dubium
452 1070 520 1117 uon
544 1055 606 1127 est,
630 1071 675 1116 ue
693 1056 731 1118 tu
745 1073 805 1119 cos
820 1050 913 1120 solus
936 1052 1039 1143 scire
1060 1052 1213 1141 conaris,
1229 1053 1292 1123 sed
1304 1052 1432 1124 debens
1448 1053 1583 1126 Patres
1594 1080 1686 1148 prn-

186 1162 306 1231 <mittes
329 1187 370 1232 uc
388 1162 529 1254 probos,
545 1164 612 1256 qui
627 1162 694 1232 tibi
712 1188 799 1235 sono
822 1165 965 1236 consilto
989 1166 1119 1238 adsint.
1137 1167 1277 1239 Idcirco
1295 1177 1414 1239 tenore
1433 1173 1688 1263 praesentium

188 1279 324 1349 Nostro
348 1279 563 1349 auctoritate
585 1281 833 1351 consiiim'mus
856 1291 1012 1375 quotuor
1047 1282 1176 1354 Patres
1199 1285 1435 1371 consultores,
1458 1286 1688 1360 coadiutorcs

187 1404 223 1464 ct
238 1404 410 1488 tunquam
433 1396 668 1487 Desinitores,
691 1420 817 1490 nempe
833 1398 876 1467 R.
894 1397 936 1468 P.
956 1398 996 1469 F.
1015 1398 1188 1469 Ioannem
1203 1399 1357 1486 Nasum,
1388 1399 1688 1474 Concionotorem

188 1512 431 1606 ripostolicum
453 1512 722 1605 dionissimum,
747 1513 791 1584 R.
809 1512 851 1584 P.
875 1514 917 1584 F.
951 1514 1223 1586 Constantinum
1252 1515 1390 1608 Tyros,
1419 1514 1687 1590 Gnordionum

196 1631 489 1703 Ulirnicclcnscm
501 1633 523 1715 ¹,
547 1629 591 1699 R.
617 1630 659 1701 P.
683 1628 725 1701 F.
766 1629 916 1701 Gabriel
957 1631 1189 1716 ,.Mcrono,
1225 1630 1498 1704 Praesideutem
1529 1634 1570 1702 in
1602 1633 1691 1706 Cott-

188 1755 295 1817 ocutu
319 1746 453 1815 Nostro
475 1746 579 1816 Sum
601 1754 636 1816 et
660 1746 704 1816 R.
722 1744 763 1815 P.
782 1745 824 1816 F.
850 1745 1023 1816 Iourinem
1055 1746 1242 1833 Wolmuet‚
1268 1748 1457 1817 Vicnrium
1487 1745 1692 1821 Conventus

187 1862 318 1932 Nostri
359 1861 575 1955 Ocnipoute,
606 1862 672 1955 qui
708 1860 839 1932 Potrcs
875 1869 988 1932 tecum
1027 1862 1064 1930 in
1104 1863 1207 1933 istius
1245 1865 1422 1934 erectione
1450 1886 1524 1956 pro
1560 1888 1693 1938 ornere

189 1979 260 2049 Dei
278 1986 315 2048 ei
337 1977 532 2068 Rcltjoionis
548 1977 704 2048 Nostrae
719 1979 841 2047 omniu
866 1979 1065 2068 tronupcre
1082 1986 1256 2070 possunt,
1281 1979 1443 2049 inanime
1465 2002 1549 2049 ocro
1574 1981 1695 2053 unitis

195 2094 429 2166 Conocntibus
452 2102 488 2164 ci
510 2093 706 2165 Provincia
729 2095 920 2164 constituto
947 2094 983 2162 iu
1013 2094 1190 2185 Cupitulo,
1207 2095 1302 2189 quood
1313 2096 1434 2188 primo
1460 2103 1626 2190 tempore
1641 2121 1696 2168 cc-

191 2211 329 2280 lcdrnri
348 2211 459 2295 debet,
486 2212 521 2279 in
546 2235 614 2304 quo
640 2211 703 2280 isti
717 2210 846 2280 Puircs
868 2219 1016 2303 possunt
1036 2212 1165 2301 reclini
1187 2211 1223 2281 in
1249 2211 1481 2303 Definitores,
1506 2221 1550 2282 ut
1571 2215 1692 2285 moris

189 2335 242 2397 cst
263 2336 297 2396 ct
318 2327 512 2415 reliqionis.
537 2325 582 2395 In
612 2325 776 2418 Copittdo
800 2326 1046 2397 (declarabitur
1068 2326 1289 2397 obseruando
1304 2350 1376 2398 csse
1389 2334 1527 2398 statuto
1558 2328 1696 2400 Barci-

192 2443 361 2512 nonensiu
384 2449 421 2509 ci
452 2442 667 2512 Conveniunt
706 2441 993 2533 Oenipontnnum
1030 2444 1068 2512 in
1099 2443 1263 2532 pretium
1299 2442 1531 2513 Screntssimi
1558 2443 1696 2516 Areni-

192 2559 293 2628 ducis
315 2581 387 2627 csse
409 2558 534 2628 debere
552 2560 720 2650 primum
748 2559 965 2630 Contentum
989 2557 1227 2643 Prouinciue;
1250 2582 1313 2629 ncc
1337 2583 1408 2629 iton
1430 2567 1549 2630 cetero
1564 2562 1696 2633 omniu

190 2676 472 2756 constituentur,
495 2698 586 2769 qntoc
609 2675 660 2744 od
678 2674 829 2745 saltitem
853 2676 1083 2760 animorum,
1109 2677 1366 2746 incrementum
1390 2676 1588 2764 Relioionis
1616 2678 1696 2749 No·

188 2802 296 2876 strue,
321 2799 356 2860 rt
378 2792 472 2884 quod
487 2793 595 2884 prius
617 2791 694 2861 dt'ci
714 2793 894 2884 oportuit,
918 2800 1077 2883 spretore
1101 2792 1313 2862 m'debontnr
1344 2792 1394 2862 od
1415 2793 1573 2881 pierium
1601 2794 1692 2881 Dci,

188 2909 251 2976 cui
272 2915 303 2976 tc
320 2929 369 2975 en>
384 2907 505 2978 unium
529 2907 827 2987 commendamus,
846 2929 1021 2999 quietisque
1036 2907 1193 2976 uicissim
1212 2929 1283 2999 pro
1299 2906 1411 2977 Nobis
1433 2907 1564 2978 orodis.
1591 2909 1693 2981 Vnde.

281 3024 397 3093 Dutue
419 3023 555 3093 Rottiue
579 3024 617 3092 in
642 3022 774 3093 Nostro
804 3023 983 3094 muniente
1008 3024 1088 3092 Aru
1117 3021 1213 3093 Cocli
1234 3022 1294 3093 die
1323 3021 1385 3093 18.
1416 3024 1533 3116 April.
1569 3023 1693 3097 1580.

524 3291 532 3306 .
556 3221 601 3325 St

478 3331 597 3340 ———

922 3371 1000 3439 lin.
1033 3370 1325 3440 llnnrciscus
1354 3371 1594 3458 (torcios,

985 3485 1052 3578 qui
1071 3508 1185 3578 supro
1207 3510 1321 3555 mauu
1338 3486 1506 3579 proprio.

275 3665 307 3735 8.
333 3664 503 3735 Henrieus
528 3663 705 3751 Sedulius,
731 3663 784 3733 his
808 3664 936 3733 litteris
961 3664 1126 3751 munitae,
1152 3663 1266 3734 Roma
1290 3664 1397 3734 movit
1419 3673 1454 3734 et
1478 3664 1587 3734 salvis
1614 3667 1692 3737 avi·

190 3784 251 3852 bus
275 3783 489 3852 Conventum
514 3781 787 3873 Cenipontanurn
811 3780 948 3869 attigit,
975 3781 1030 3849 uli
1056 3802 1145 3851 anno
1161 3779 1279 3850 eodem
1305 3779 1360 3849 die
1380 3780 1430 3850 12.
1457 3779 1563 3864 Maii,
1589 3781 1697 3852 Chri-

189 3910 242 3969 sto
265 3899 298 3967 in
323 3897 455 3969 coelum
482 3897 675 3968 ascendenti
700 3920 817 3988 sacro,
842 3918 958 3966 coram
984 3904 1055 3966 toto
1087 3895 1262 3965 Conventu
1294 3895 1476 3979 Fratrum,
1501 3910 1691 3988 praesente

190 4016 231 4085 D.
258 4015 445 4085 Iustiniana
468 4013 595 4100 Moser,
621 4013 826 4082 .³lrchiducis
849 4011 1064 4082 Cancellario
1089 4020 1123 4080 et
1147 4010 1215 4081 alio
1239 4010 1459 4097 Consiliario,
1489 4011 1694 4086 Archiduce

189 4129 322 4199 veroin
345 4129 495 4199 oratorio
519 4129 631 4199 aulico
655 4128 860 4198 Monasterii
885 4150 920 4197 se
944 4127 1133 4211 detinente,
1157 4127 1270 4196 Breve
1305 4127 1537 4218 Apostolicum
1564 4151 1606 4198 ac
1633 4129 1695 4200 lit·

191 4258 286 4316 terae
312 4245 461 4313 llinistri
485 4244 667 4314 Generalis
692 4243 801 4314 lectae
830 4256 925 4326 sunt,
955 4255 990 4313 et
1020 4242 1202 4313 Provincia
1226 4240 1427 4334 Tyrolensis
1456 4243 1498 4313 D.
1522 4243 1693 4336 leopoldi

190 4362 222 4429 in
248 4361 448 4430 executione
475 4359 620 4430 turmale
646 4359 777 4428 initium
802 4358 991 4450 acquisivit.
1018 4358 1148 4429 Eodem
1173 4357 1229 4426 die
1264 4357 1459 4430 Conventus
1481 4357 1695 4452 Oeniponta·

192 4500 253 4547 nus
279 4500 299 4545 a
326 4475 508 4546 Provincia
533 4476 776 4563 Argentinensi
799 4476 973 4545 seiunctus
996 4485 1031 4545 et
1055 4474 1239 4567 primarius
1263 4473 1457 4544 Conventus
1483 4474 1694 4547 Provinciae

191 4592 389 4684 Tyrolensis
412 4593 616 4662 constitutus
643 4591 717 4661 fuit.
754 4591 842 4661 Loco
877 4590 1055 4660 Valentini
1092 4590 1226 4672 Friziil,
1252 4589 1399 4661 officium
1425 4590 1696 4665 Guordianatus

192 4731 270 4776 inex
295 4707 560 4793 resignantiset
584 4706 839 4800 cumpluribus
876 4706 1056 4776 Fratribus
1090 4707 1121 4774 in
1159 4727 1247 4774 nova
1281 4705 1466 4777 Provincia
1501 4706 1692 4780 stationem

193 4824 300 4914 ligere
323 4822 532 4910 nolentibus,
558 4836 660 4891 extra
685 4821 811 4892 limites
836 4844 945 4892 novae
969 4821 1172 4892 Provinciae
1196 4821 1422 4907 concedentis,
1447 4821 1698 4896 Constantinus

191 4938 315 5033 Tyras,
339 4939 423 5009 olim
447 4939 666 5010 Guardianus
692 4937 964 5025 Ultraiectensis,
988 4939 1033 5008 ab
1057 4938 1244 5009 haereticis
1266 4960 1310 5009 ex
1325 4938 1389 5009 isto
1412 4938 1590 5008 Conventu
1615 4940 1697 5031 pul·

299 5194 307 5229 ¹
329 5197 400 5247 stetit
421 5195 556 5258 vitrosco,
576 5193 657 5258 vulgo
677 5192 794 5257 Utreclit,
815 5190 910 5243 celebri
930 5192 1032 5244 civiutte
1058 5193 1082 5242 in
1103 5192 1191 5257 Belgio
1210 5190 1342 5243 loederoto
1361 5191 1417 5242 sita.

299 5291 309 5324 ²
328 5291 482 5344 credibilius
500 5299 540 5344 est
557 5291 607 5355 ille,
626 5292 670 5357 qul
691 5290 750 5341 dein
770 5291 852 5342 evasit
872 5288 1074 5342 Comnrisnirius
1092 5289 1224 5341 Generalis
1243 5290 1396 5340 (hermoniae
1415 5288 1566 5354 superioris,
1585 5294 1614 5341 ct
1632 5303 1693 5344 sne·

192 5391 251 5456 iniis
271 5391 296 5441 in
316 5390 450 5441 Provincia
471 5389 589 5441 nustriae
608 5393 692 5440 uetus
711 5387 766 5440 luit
