3750 6082
589 399 755 451 eaovruc.
778 399 907 449 vvnoc.
930 399 985 450 rr.
1009 398 1135 449 uvuon.
1159 398 1291 447 aaron.
1630 377 1695 453 135

228 522 377 597 Michaelis
398 522 433 593 in
456 522 672 595 coemeterio.
696 521 838 593 Civitati
862 522 1068 593 accumbunt
1084 520 1293 591 Ecclesiolae
1311 520 1344 591 S.
1362 520 1504 592 Ottiliae
1521 520 1555 591 in
1579 529 1692 593 monte

229 638 378 726 llttiliano,
396 638 525 710 Matris
540 637 729 711 Dolorosae
753 637 787 708 iu
810 637 986 726 colliculo,
1011 638 1046 709 S.
1071 637 1223 708 Erharcli
1248 637 1282 706 in
1306 645 1422 728 prato,
1446 646 1482 707 et
1515 637 1576 709 SS.
1608 637 1692 708 Phi-

231 754 287 849 lippi
305 762 337 825 et
357 753 472 827 iacobi
495 754 531 825 ln
557 754 712 825 balneet
1470 794 1475 801 ·

293 867 358 940 lta
382 869 511 942 Suavis
533 866 704 940 virtutum
728 868 829 954 odor,
855 891 876 939 a
900 868 1084 939 Fratribus
1109 867 1312 939 Provinciae
1334 866 1536 960 Tyrolensis
1552 869 1693 942 Franci·

231 1006 372 1056 sanorum
396 984 433 1057 in
454 992 535 1055 actu
567 983 775 1056 visitationis
805 984 1099 1055 Monasteriorum
1131 984 1397 1076 Seraphicorum
1430 984 1522 1055 tertii
1555 984 1708 1065 Ordinis,

231 1098 351 1188 llorbce,
375 1122 416 1172 ac
440 1100 474 1171 in
498 1100 649 1171 vicinia-⁸
666 1099 816 1171 fatorum
833 1099 997 1187 diffusus,
1023 1100 1140 1193 plures
1157 1100 1354 1171 Hortenses
1372 1108 1470 1171 tanta
1486 1100 1519 1169 vi
1538 1100 1691 1188 afflavit,

231 1224 257 1285 vt
271 1217 408 1311 repetitis
430 1216 564 1287 vicibus
587 1215 676 1288 lilios
698 1238 818 1287 eorum
849 1238 912 1287 ceu
943 1217 1098 1287 concives
1129 1215 1345 1308 expetierint.
1378 1217 1418 1286 P.
1453 1215 1692 1308 Wolsgaugus

230 1328 334 1419 Grindl,
358 1332 518 1433 Minister
540 1331 655 1404 dictae
678 1332 898 1419 Provinciae,
925 1332 1056 1403 ferrum
1080 1331 1195 1403 calens
1226 1332 1340 1403 incudi
1372 1332 1624 1425 suppositurus,
1656 1342 1692 1403 et

228 1447 366 1537 vectium
390 1446 437 1519 ad
462 1448 608 1519 formam
635 1447 784 1540 legalem
808 1446 1052 1536 traducturus,
1077 1448 1116 1518 P.
1141 1448 1374 1539 Augustinum
1400 1448 1516 1518 Moser
1539 1469 1561 1516 a
1589 1447 1691 1518 Feld·

164 1554 169 1571 '
225 1554 344 1651 kircbio,
361 1562 809 1655 Residenciae,uhinganae
827 1563 1045 1650 Praesirlem,
1067 1564 1221 1635 Horbam
1240 1586 1294 1634 an.
1315 1563 1401 1634 luta
1416 1563 1613 1655 ablegavit,
1631 1587 1692 1637 an·
1790 1590 1793 1596 ·

222 1692 290 1751 nexa
306 1678 514 1767 obedientia,
539 1688 577 1749 ut
601 1678 809 1751 Coencbium
833 1678 925 1749 tertii
950 1679 1090 1754 Ordinis
1115 1679 1208 1751 illius
1231 1681 1535 1753 circumferentiae
1552 1684 1689 1773 visitet,

218 1798 244 1858 tl
261 1817 447 1869 eonsensum
469 1795 666 1889 legitimum
691 1795 919 1869 Hovbensium
944 1819 1005 1889 pro
1028 1795 1276 1868 introductione
1299 1796 1608 1871 Franciscanorum
1627 1799 1691 1870 im·

210 1918 315 1994 Pttrct.
335 1913 409 1985 Res
430 1913 596 1985 successit
618 1912 664 1985 ad
688 1920 787 1999 vota,
813 1913 943 1984 Senatu
966 1935 1021 1984 an.
1048 1914 1143 1984 sato³
1167 1913 1221 1984 die
1244 1914 1276 1984 7.
1306 1913 1381 1985 Oct.
1410 1915 1445 1984 in
1477 1924 1690 1988 structuram

208 2017 351 2100 coercet
365 2050 427 2101 ore
443 2037 480 2102 et
494 2028 632 2101 calamo
646 2027 873 2121 suffragante.
892 2028 1087 2121 Optimates
1106 2027 1318 2116 Provinciae,
1336 2029 1379 2100 de
1395 2030 1584 2102 sufficiente
1601 2032 1691 2103 Fra·

202 2140 291 2213 irum
311 2144 559 2217 sustentatione
581 2144 711 2229 timidi,
736 2168 794 2216 eos
818 2144 899 2214 illuc
923 2144 1037 2215 locare
1061 2127 1288 2235 distulerunt3
1305 2145 1384 2216 hinc
1401 2146 1553 2217 Senatus
1573 2148 1618 2217 at
1635 2148 1685 2218 in·

192 2256 449 2353 lermositionem
473 2258 652 2331 cuiusdam
676 2260 779 2349 civis,
805 2260 1008 2354 Caprrccinis
1033 2261 1200 2347 faventis,
1232 2284 1294 2354 pro
1327 2285 1445 2333 eorum
1487 2263 1691 2335 admissione

186 2388 367 2448 assensum
391 2398 449 2447 an.
477 2376 562 2447 teet
584 2376 639 2447 die
661 2376 693 2446 4.
718 2377 803 2447 Maii
829 2375 1046 2469 impetravit3
1064 2383 1119 2448 ast
1134 2377 1226 2448 cives
1241 2377 1318 2464 alii,
1336 2377 1432 2448 nobis
1448 2378 1579 2465 devoti,
1606 2380 1689 2451 effe·

183 2501 329 2579 cerunt,
354 2501 392 2563 ut
416 2493 481 2563 iste
505 2513 685 2563 consensus
710 2492 813 2562 suerit
836 2514 1027 2584 suspensus.
1052 2492 1090 2563 P.
1115 2492 1312 2563 Fridericus
1336 2517 1357 2562 a
1381 2493 1585 2581 Monachio,
1609 2517 1690 2588 cog·

183 2606 329 2679 nomine
351 2607 491 2695 Galler,
516 2608 675 2679 Minister
698 2608 800 2680 Prov.
825 2608 934 2701 Tyrol
959 2609 1286 2695 Franciscanorum,
1311 2608 1355 2680 de
1379 2609 1433 2678 his
1456 2610 1583 2681 certior
1608 2610 1685 2681 red-

181 2714 303 2811 tlitns,
325 2725 418 2795 ocius
441 2723 601 2795 convolat
624 2723 797 2810 Horbam,
822 2724 1052 2795 firmationem
1076 2746 1277 2811 consensus,
1310 2734 1390 2794 ante
1420 2726 1687 2819 quinquennium

179 2830 284 2919 tau,
303 2840 448 2925 obtinet,
472 2847 509 2909 et
532 2838 613 2910 illuc
637 2838 900 2911 Constantinum
933 2839 976 2910 de
1010 2840 1183 2932 Friburgo
1206 2849 1241 2911 et
1264 2841 1475 2912 Zachariam
1507 2865 1528 2913 a
1562 2841 1688 2913 Weill-

181 2947 308 3026 hauio
322 2955 503 3043 amandat,
527 2978 672 3049 quorum
689 2955 782 3048 prior
798 2955 830 3025 in
847 2955 1019 3044 Comitiis,
1037 2956 1225 3049 Oenipante
1242 2980 1296 3029 an.
1317 2957 1404 3029 lete
1422 2955 1478 3028 die
1497 2957 1553 3028 27,
1579 2957 1687 3028 lunii⁴

185 3064 386 3159 celebratis,
410 3092 552 3141 munere
577 3069 770 3158 Praesidis,
795 3069 886 3141 alter
913 3094 996 3143 vero
1023 3071 1281 3144 Concionatoris
1308 3073 1491 3145 decoratus
1507 3073 1585 3144 fuit.
1602 3074 1689 3144 Fra·

190 3184 315 3256 trecht
337 3186 383 3257 ad
406 3186 548 3257 interim
572 3186 606 3256 in
628 3185 731 3259 domo
754 3187 910 3279 privata,
934 3188 979 3257 ab
1003 3188 1105 3257 Anna
1122 3188 1239 3259 Fessin
1258 3188 1486 3261 benefactrice
1503 3211 1619 3276 cessa,
1637 3189 1689 3259 lo·

195 3296 280 3385 cau,
300 3300 422 3373 Divina
444 3325 488 3373 ex
511 3302 652 3373 licentia
675 3302 919 3374 Reverenrliss.
945 3303 1020 3374 DD.
1046 3303 1191 3373 Abbatis
1214 3304 1467 3396 Wiblingensis
1483 3306 1517 3375 in
1533 3305 1681 3399 (lapella

201 3402 244 3477 Β.
265 3412 310 3503 V,
332 3418 438 3509 vulgo
461 3416 521 3489 det
543 3417 681 3489 Mactter
707 3419 827 3490 Gottcs
855 3418 1013 3513 Capelle⁵
1036 3419 1147 3505 dicta,
1173 3428 1396 3513 peregerunt,
1422 3430 1458 3491 et
1481 3421 1552 3492 suis
1583 3421 1686 3492 mori·

205 3514 259 3595 but
278 3532 426 3605 residuos
448 3532 558 3620 cives,
582 3533 822 3605 introductioni
847 3533 1086 3621 adversantes
1112 3535 1303 3607 surcessive
1328 3538 1361 3607 in
1385 3536 1514 3608 amicos
1530 3544 1566 3607 et
1584 3537 1685 3607 bene-

206 3629 336 3723 factores
358 3659 646 3722 transmutarunt
663 3651 728 3721 An.
752 3650 872 3721 eodem
896 3651 951 3721 die
974 3651 1005 3721 8.
1031 3651 1107 3722 lulli
1132 3672 1314 3723 consensus
1339 3652 1585 3724 Serenissimae
1610 3651 1685 3723 DD.

206 3744 373 3853 candiae,
397 3765 564 3837 Austriae
586 3766 770 3838 anterioris
796 3765 1122 3855 Administratricis,
1140 3776 1175 3836 et
1190 3767 1246 3837 die
1261 3766 1293 3837 8.
1310 3767 1384 3839 Oct.
1407 3789 1586 3839 consensus
1610 3766 1686 3838 Cel-

199 3860 310 3952 tissimi
331 3882 407 3955 DD.
435 3882 603 3976 Principis
625 3884 762 3954 loannis
778 3906 800 3953 a
818 3883 1019 3975 Wollegg⁶,
1045 3883 1155 3976 Episc.
1180 3884 1468 3969 constantiensis,
1484 3906 1545 3977 per
1568 3885 1683 3955 Reve-

198 3990 327 4073 letidias.
351 3999 393 4089 Ι),
417 3999 597 4087 loannem,
622 3999 685 4093 Ep.
710 4000 984 4093 Megariensem,
1008 3999 1083 4070 eius
1105 4000 1283 4071 Vicarium
1307 4000 1515 4071 Generalem
1545 3998 1687 4095 expedi·

196 4139 453 4177 N...-

294 4235 302 4270 ¹
319 4238 389 4289 zeut
409 4238 435 4289 ln
453 4234 550 4289 Cicron.
562 4237 641 4289 Suev.
660 4250 687 4303 p.
701 4237 752 4289 aas
765 4246 813 4289 etc.
832 4250 863 4289 nc
876 4235 936 4288 550.
951 4234 1023 4287 Com.
1037 4234 1098 4288 Orb.
1113 4238 1220 4302 Serrvptv.
1235 4242 1251 4288 t
1266 4237 1290 4289 5.
1311 4250 1337 4301 n.
1352 4236 1412 4289 350.
1426 4236 1521 4289 Ctvron.
1536 4238 1613 4289 Prov.
1634 4238 1674 4305 ly

189 4312 222 4365 ¹⁰¹·
248 4326 375 4388 anclsc.
394 4348 422 4401 p.
446 4334 504 4387 161.
523 4334 636 4386 lienum.
656 4334 733 4386 Prov.
753 4335 841 4401 Tyrol.
860 4344 886 4388 et
904 4333 1029 4386 Covrvent
1050 4334 1176 4387 llorbens.
1197 4334 1358 4387 Fruuciscun.
1378 4334 1487 4388 Ctvnrtuc
1508 4337 1628 4388 sueviae.
1679 4309 1687 4320 ⁸

294 4430 306 4467 ἲ
327 4433 507 4498 intelliguntur
526 4430 678 4484 llouastcrtu
698 4432 895 4485 laernstetnense
915 4433 1118 4495 l'rrtlnrtornm,
1138 4432 1192 4485 devo
1211 4432 1369 4499 ltorbenstu,
1389 4432 1627 4499 ltottenburgense,
1642 4434 1686 4486 su-

190 4510 295 4595 imus,
311 4532 474 4597 Etttngense,
492 4538 518 4584 et
536 4529 728 4584 Nordstettense
746 4530 941 4584 Terrinriarum.

290 4626 303 4663 ⁸
319 4628 394 4681 Unde
413 4628 439 4681 Ρ.
460 4627 623 4681 llomuulrlns
641 4628 823 4681 Stnckvvceuels
842 4629 866 4680 in
882 4630 942 4682 lltst.
958 4630 1033 4682 Prov.
1048 4632 1132 4683 lustr.
1146 4630 1282 4681 anterioris
1300 4628 1398 4695 &corre
1412 4644 1438 4695 p.
1463 4630 1514 4681 teo
1533 4636 1559 4681 et
1577 4643 1632 4697 seq.
1658 4645 1686 4681 a·

195 4710 258 4787 ¹⁸¹⁵,
274 4724 435 4792 &nuceum
453 4727 577 4793 prlmttus
594 4726 724 4779 admissos
742 4727 835 4793 tuisse,
855 4733 880 4779 ct
898 4728 955 4780 locu
973 4742 1081 4792 eornm,
1102 4727 1242 4780 lictoribus
1259 4728 1295 4780 ob
1315 4727 1413 4780 bellum
1432 4729 1572 4780 Suertrum
1597 4729 1685 4780 remia

199 4808 247 4866 ¹¹⁰³
262 4823 408 4889 ageutlbus,
426 4823 492 4877 ullos
509 4824 656 4890 llctisslosos
674 4824 870 4891 (anciecanos
888 4826 1015 4893 intelligit)
1034 4840 1128 4878 scenae
1141 4827 1299 4892 servientes,
1315 4840 1356 4878 an.
1374 4825 1440 4877 ¹650
1453 4825 1596 4892 admissos,
1613 4840 1627 4877 a
1643 4840 1686 4878 ve·

203 4909 270 4973 nucu
285 4923 387 4976 tramite
405 4920 516 4975 abermt.

290 5018 368 5073 ῬΙ-ο
386 5022 437 5073 hoc
454 5020 497 5073 dte
516 5022 651 5075 l‘rotomll.
674 5023 748 5075 l‘vov.
768 5030 793 5075 et
812 5023 860 5074 utin
880 5023 995 5075 lienum.
1015 5030 1091 5076 stant.

290 5114 303 5153 ⁸
319 5120 468 5187 antiquitus
479 5121 604 5186 perunna
619 5119 653 5173 ad
667 5121 810 5174 Prlorntnm
825 5121 1077 5174 llctruenbacensrvu
1092 5122 1206 5175 Ducatus
1220 5122 1445 5189 ll'lrtrmbergiri,
1460 5123 1614 5175 ttcnnstcrto
1627 5124 1685 5175 lllr·

205 5214 316 5281 sustensi
334 5216 488 5270 adiunctum
495 5233 503 5285 3
522 5220 573 5271 troc
592 5232 655 5271 v'ero
674 5231 734 5270 rum
754 5219 796 5270 illo
815 5233 922 5285 everso,
943 5219 1096 5272 llonusterio
1116 5218 1286 5272 celeberrimo
1306 5219 1478 5285 Wibliugensi
1497 5221 1619 5272 urcmvit.

291 5314 303 5351 ⁸
320 5315 391 5368 Erue
409 5316 460 5368 troc
471 5328 503 5367 ex
515 5314 603 5368 llbettn
621 5316 735 5369 itineres.
755 5315 885 5370 Constant
905 5325 1085 5384 asseverante,
1104 5332 1166 5371 eum
1180 5333 1221 5371 en.
1239 5315 1304 5370 tull
1323 5317 1366 5370 dte
1382 5317 1421 5370 15.
1434 5317 1558 5371 ὓοοοιηῑ).
1578 5318 1684 5373 obiisse.
