3766 6090
192 373 256 444 tao
836 397 1036 447 rusonrcou

186 517 330 587 clesiam
355 517 463 610 ipsam
488 539 556 587 una
579 541 657 587 cum
684 517 789 588 tundo
811 542 873 611 pro
907 528 1085 589 structura
1119 518 1277 590 Cocuobii
1312 517 1558 591 Franciscanis
1583 519 1665 591 Pron

187 633 388 724 Tyrolensis
410 633 538 704 solenni
564 634 632 703 ritu
668 636 700 703 in
737 637 934 728 praeseutia
964 635 1193 729 plurimorum
1226 636 1380 708 tradidit.
1415 636 1506 707 Exin
1531 636 1662 709 fabricae

187 749 347 819 Coenobii
371 756 406 820 et
430 749 658 841 Ecclesiolae,
682 751 779 820 cuius
814 751 948 822 Chorus
978 752 1166 844 ampliatus
1200 762 1236 823 et
1257 776 1339 844 pars
1361 754 1529 846 posterior
1551 755 1660 826 noviter

187 872 382 952 exstructa,
408 866 519 958 prima
544 886 668 935 manus
692 866 835 937 admota
858 878 921 938 est.
946 867 1089 939 Caelum
1114 868 1313 940 aedificium
1337 870 1561 963 acceleravit,
1586 872 1655 943 enin

188 1005 270 1052 vero
303 981 453 1052 durante
490 990 667 1051 structura
701 983 851 1074 spatium
886 983 967 1068 loci,
1004 1006 1148 1055 arenam
1184 983 1420 1077 suppeditans,
1459 1008 1589 1080 semper
1607 987 1654 1057 sic·

188 1121 266 1168 cum
299 1097 446 1183 mansit,
476 1097 614 1167 senibus
650 1097 714 1168 loci
744 1098 971 1183 edicentibuS‚
1009 1100 1072 1171 boc
1107 1123 1144 1172 se
1180 1123 1354 1192 uunquam
1387 1125 1450 1195 prr
1483 1101 1554 1173 dies
1584 1104 1651 1173 ritae

186 1213 397 1284 observasse.
422 1212 540 1305 Rupes
562 1212 734 1304 quaedam
768 1214 940 1306 praealta,
965 1215 1118 1286 Fttessae
1141 1217 1271 1304 vicina,
1298 1218 1394 1288 nulla
1419 1218 1545 1290 fissura
1565 1241 1651 1313 perse

187 1338 284 1416 cata,
310 1330 515 1422 intempesta
532 1338 630 1399 nocte
647 1329 791 1415 decidit,
816 1339 851 1400 et
867 1331 1085 1401 abundantes
1100 1332 1232 1423 lapides
1257 1334 1336 1423 (boe
1352 1356 1418 1406 noo
1444 1335 1544 1422 lacto,
1560 1359 1579 1405 a
1598 1334 1648 1405 loca

188 1446 297 1516 tribus
333 1446 427 1516 boris
464 1445 583 1516 dissito
615 1444 853 1536 adducendos)
890 1446 1058 1539 praebuit.
1096 1448 1200 1541 Lapis
1235 1450 1349 1519 subito
1382 1450 1516 1522 solutus
1550 1450 1650 1520 directe

188 1561 611 1632 versusFr.llassaeu1n
640 1561 782 1630 Laicurn
818 1570 853 1631 et
888 1562 1049 1652 aurigam
1082 1586 1246 1656 praeceps
1280 1573 1391 1650 actus,
1429 1574 1571 1658 utroque
1595 1585 1654 1635 cuu

187 1700 291 1747 curru
308 1686 343 1747 et
366 1677 461 1767 equis
486 1676 664 1762 incolumi,
689 1677 900 1769 pertransiit.
919 1677 1069 1748 Fabrica
1084 1679 1129 1749 ad
1144 1679 1367 1772 colophonem
1390 1682 1548 1774 expensis
1568 1681 1663 1751 ltere·

188 1791 329 1863 rendiss.
365 1804 400 1862 et
422 1772 622 1862 ¹Celsissimi
655 1791 809 1884 Episcopi
846 1816 887 1863 ac
910 1792 1079 1887 Principis
1103 1795 1243 1866 Henrici
1267 1796 1310 1866 de
1334 1796 1495 1890 Kubring
1518 1820 1570 1868 an.
1594 1790 1670 1868 last

188 1908 351 1994 deducta,
378 1908 435 1978 bic
459 1909 530 2001 ipse
555 1930 609 1977 an.
634 1908 754 1977 elidem
778 1907 958 1978 Dominica
976 1917 1057 1979 ante
1073 1909 1213 1980 Festum
1238 1910 1272 1981 S.
1291 1911 1477 1982 Michaelis
1494 1912 1682 1983 Ecclesiam

188 2048 229 2094 ac
254 2026 364 2095 Aram
390 2047 563 2094 summam
588 2024 621 2092 in
647 2023 808 2095 honorem
834 2024 868 2094 S.
895 2025 1012 2095 Patris
1029 2025 1205 2097 Francisci
1230 2028 1433 2120 Seraphici,
1459 2029 1494 2100 S.
1519 2016 1700 2127 Stephan‘1

188 2140 361 2211 Proto-bl.
386 2149 421 2209 et
447 2140 481 2209 S.
507 2139 645 2209 ilenrici
672 2139 908 2230 imperatoris,
945 2162 1007 2210 nec
1042 2162 1106 2212 non
1140 2142 1290 2234 spatium
1314 2166 1375 2234 pro
1397 2144 1577 2236 sepultura
1597 2143 1718 2213 Fra!

189 2269 282 2327 trum
308 2256 494 2341 selectum,
527 2255 617 2323 inter
653 2255 878 2325 Ecclesiolam
913 2268 946 2326 et
977 2281 1093 2328 muros
1127 2258 1282 2329 civitatis
1314 2259 1437 2345 situm,
1461 2260 1671 2331 consecrarit.

190 2374 360 2444 Farorem
388 2373 479 2441 bunc
514 2371 636 2443 eodem
672 2371 727 2441 dic
762 2372 1002 2443 Reverendiss.
1038 2372 1080 2443 D.
1117 2374 1343 2445 Sebastianus
1376 2376 1536 2464 Molitor,
1572 2377 1674 2470 Episc.

190 2489 452 2575 Adramitanus,
480 2487 636 2579 Sull'rap.
656 2490 889 2577 Augustanus,
908 2488 989 2559 Aris
1005 2488 1211 2560 lateralibus
1233 2489 1412 2582 impendit,
1431 2513 1567 2563 uname
1582 2514 1680 2564 cornu

190 2604 374 2696 Evangelii
400 2603 587 2696 repositam
625 2602 686 2673 SS.
725 2603 871 2689 Simoni,
905 2602 1144 2695 Woligango,
1169 2605 1204 2676 S.
1230 2606 1350 2676 ,lunae
1373 2614 1408 2676 et
1434 2606 1683 2698 Margarethae

190 2721 327 2807 dicans,
352 2720 499 2789 alteram
524 2742 624 2805 vero,
648 2742 667 2788 e
691 2740 794 2790 cornu
819 2718 995 2811 Epistolae
1019 2719 1187 2806 locatam,
1213 2722 1252 2791 B.
1276 2722 1318 2792 V.
1341 2722 1481 2793 Mariae
1496 2722 1683 2817 devovens3

189 2860 230 2908 en
255 2836 406 2929 diploma
431 2835 624 2906 laudatoris
648 2858 691 2904 cx
715 2836 881 2905 idiomate
905 2835 1113 2907 Germanico
1136 2837 1182 2907 aa
1207 2836 1367 2909 Latinum
1392 2838 1593 2910 traductum
1609 2844 1630 2909 ¹.

278 2952 353 3023 Nos
367 2951 558 3035 Hearicas,
573 2951 775 3039 Delmatia
791 2950 990 3043 Episcopas
1005 2952 1255 3041 Aicpzcstanns,
1271 2960 1396 3024 natam
1409 2956 1582 3046 sacimas,
1598 2956 1691 3049 qnod

190 3069 265 3139 Nos
282 3091 458 3161 perpenso
482 3067 647 3156 beneficio
670 3067 883 3150 creationis,
918 3066 1195 3159 raedemptionis,
1230 3068 1471 3140 ordinationis
1502 3070 1554 3140 ad
1575 3079 1691 3142 aeter-

189 3210 275 3257 nam
293 3185 479 3277 patriani,
504 3191 539 3252 et
555 3182 790 3275 protectionis
812 3183 850 3251 ia
884 3190 930 3252 tot
959 3182 1228 3253 calancitatidas
1266 3183 1503 3255 Gerananiarn
1526 3196 1693 3259 orostrarn

189 3299 418 3371 saracenatos
428 3355 437 3382 ,
461 3323 523 3369 aec
546 3322 615 3368 raon
640 3322 688 3367 er
702 3299 785 3368 aliis
803 3299 939 3368 serotinis
954 3300 1237 3385 decreverimus,
1261 3300 1313 3370 ad
1332 3300 1404 3371 Dei
1415 3300 1693 3393 beneplacitam,

191 3416 321 3486 baraton
345 3415 520 3485 Nostraene
554 3422 591 3483 ct
623 3415 835 3483 atrebatarum
870 3414 980 3484 Nobis·
1016 3414 1307 3486 coracreditararn
1318 3470 1329 3501 ,
1353 3416 1404 3487 ad
1421 3418 1694 3507 prutredinem

190 3532 363 3602 Nostram
382 3531 627 3623 protentam,
652 3529 867 3599 cribratores
884 3531 954 3598 D.,·
967 3530 1234 3623 (crriplt'anrlrnn,
1264 3532 1475 3603 &cleobium
1494 3535 1532 3603 in
1549 3535 1694 3608 Nostra

189 3651 331 3717 ririlatc
357 3647 492 3717 lt'iicssa
515 3648 551 3714 ia
584 3646 753 3714 lacerarent
776 3646 838 3715 SS.
866 3647 1074 3717 r'rrle'oirlaac
1103 3648 1318 3732 Trinitatis,
1343 3648 1489 3719 Mariae
1525 3649 1696 3739 Vtrae-'nes

195 3763 466 3847 tenear-anam,
489 3766 525 3831 S.
553 3762 857 3852 Prote-llartpris
890 3762 1083 3853 Sipia-ani,
1119 3764 1154 3833 S.
1192 3763 1385 3834 Francisri
1404 3772 1440 3834 ct
1460 3764 1497 3834 S.
1530 3765 1698 3838 Hearici

192 3881 430 3974 Imperatoris
454 3880 608 3967 accipre,
633 3878 812 3968 (irridere,
835 3886 869 3947 ot
892 3879 1085 3964 ordi-nare,
1121 3889 1160 3948 at
1198 3881 1234 3949 in
1257 3903 1296 3949 co
1326 3880 1465 3973 Repello
1489 3883 1696 3975 Seraplaca

192 3999 296 4067 insta
322 4003 471 4065 >retractem
495 3997 529 4064 S.
556 3994 596 4064 P.
623 3993 815 4063 Francisri
835 4003 869 4062 ct
897 3994 1168 4064 Coastitatroaes
1193 3995 1300 4066 Pron.
1331 3995 1451 4087 Tyrol.
1479 3998 1690 4087 Refer-mat.

191 4115 261 4181 rite
283 4121 465 4194 serratam,
490 4112 552 4180 δ’δ’.
579 4110 710 4178 Missae
743 4110 967 4198 sacrificinm
1001 4111 1122 4179 ‹lec-ote
1157 4114 1338 4203 offeratrr
1372 4120 1409 4182 et
1438 4112 1585 4183 berbena
1621 4115 1696 4185 Dei

185 4235 434 4321 proponatur,
458 4249 518 4318 spe
541 4228 653 4315 firmia
677 4225 819 4308 tarxerat,
844 4223 906 4293 leoc
932 4225 968 4294 in
991 4224 1159 4296 latiorem
1178 4235 1225 4297 -ct
1258 4227 1516 4320 berreplacitarn
1541 4228 1631 4315 Dei,
1654 4240 1695 4300 ct

190 4345 319 4416 beriton
345 4344 547 4413 rieaar'aimn
577 4341 865 4413 Christianorum
880 4365 1067 4412 caesarum.
1102 4343 1268 4413 Volcanus
1285 4353 1425 4430 taenea,
1449 4353 1492 4414 at
1511 4346 1599 4417 llaec
1614 4370 1692 4417 crc-

189 4463 258 4532 rtio
281 4470 317 4530 ct
337 4460 505 4553 fiarerlntio
528 4483 590 4527 aec
615 4462 655 4527 dc
674 4459 877 4549 praesenti,
912 4482 975 4526 rea:
1009 4459 1053 4528 de
1086 4462 1215 4550 factrice
1242 4461 1381 4531 inrideas
1410 4461 1691 4534 Parocdialibns

189 4579 297 4653 arbeit:
323 4576 416 4646 aaa
439 4574 661 4645 Paracla‘ani
676 4575 835 4665 pristino
858 4574 1065 4643 serbiaceant
1086 4576 1268 4661 Percelna,
1286 4577 1328 4647 ab
1344 4601 1383 4648 ea
1407 4576 1637 4671 Baplrsrnana
1655 4590 1693 4650 rt

190 4696 265 4763 alia
283 4696 519 4762 Sacrraacata
535 4690 733 4782 rccipn'ant,
747 4697 782 4758 ct
792 4689 952 4780 obsequia
969 4690 1083 4759 callem
1098 4691 1217 4760 (tabita
1235 4693 1285 4762 acl
1298 4693 1469 4763 canussius
1479 4703 1693 4786 praestent,-

191 4818 231 4878 at
254 4816 374 4877 {cratoni
412 4807 649 4877 (litterationem
683 4812 718 4873 ct
752 4802 904 4875 Fratres
946 4803 1110 4876 Cocnobio
1146 4808 1384 4894 immittendi,
1414 4807 1538 4900 Officio
1561 4809 1690 4882 cir-'cino

194 5014 459 5023 .---.---

298 5100 304 5131 ¹
327 5102 387 5152 tlist.
409 5102 483 5151 lber.
497 5115 554 5164 snp.
570 5100 594 5148 5.
609 5098 624 5147 Ι.
640 5097 712 5148 Parte
727 5094 749 5146 t.
765 5095 865 5146 {laude
886 5097 909 5146 8.
930 5111 953 5147 n.
973 5096 1027 5147 176.
1043 5097 1144 5150 Darada
1159 5099 1182 5149 9.
1198 5114 1221 5150 n.
1242 5097 1294 5149 435
1312 5108 1338 5151 et
1357 5112 1411 5165 seq.
1426 5098 1531 5151 llucbcr
1550 5101 1575 5151 in
1589 5098 1691 5154 Cluen.

191 5199 239 5250 cot.
258 5197 310 5249 709
330 5206 354 5251 et
373 5200 432 5249 930.
453 5198 524 5250 Cont.
545 5195 606 5247 Orb.
628 5196 735 5258 Serapb.
756 5200 772 5245 t.
793 5194 817 5245 3.
839 5210 862 5258 p.
883 5193 934 5245 3l5
953 5200 1000 5246 etr.
1021 5193 1115 5247 (biron.
1142 5199 1183 5249 cit.
1204 5166 1228 5261 p.
1253 5196 1300 5249 tta
1320 5202 1368 5249 etc.
1389 5196 1607 5249 donatoribus.
1628 5199 1691 5252 Lex.

193 5295 265 5346 llasil.
287 5296 379 5347 libum.
401 5303 465 5360 part.
486 5295 501 5346 l.
522 5310 546 5359 p.
568 5295 627 5345 393.
647 5295 725 5344 Suet.
746 5293 840 5344 Eccles.
861 5307 885 5357 p.
907 5293 958 5343 330
978 5300 1026 5344 otc.
1046 5308 1076 5345 ac
1096 5293 1156 5346 lbi.
