3750 6082
184 404 253 479 278
829 427 1031 480 cuaomoou

186 549 396 643 templationi
421 574 567 638 varana,
590 551 683 645 apud
707 574 808 621 suum
833 551 959 623 lectum
977 552 1020 623 ad
1037 575 1152 645 genua
1166 553 1341 641 demissa,
1358 553 1478 625 oculos
1501 570 1651 625 otmarus
1722 596 1727 625 ¹.

184 667 230 737 ad
254 684 350 738 astra
373 667 528 759 dirigens
550 668 743 760 expiravit,
767 678 803 739 et
827 669 876 739 ita
899 670 1042 740 inventa
1066 669 1144 740 fuit.
1168 669 1274 741 Soror
1297 670 1373 740 alia
1398 692 1465 739 non
1487 669 1649 741 clausaseu
1714 712 1726 724 ··

185 782 405 871 antesoralis,
440 784 474 853 in
509 807 597 875 agro
631 784 822 876 manipulos
853 785 1016 855 frumenti
1045 810 1137 856 cum·
1155 786 1234 857 aliis
1267 786 1440 878 colligens
1468 787 1502 856 in
1528 786 1649 857 exstasin

185 900 331 994 abrepta
354 899 438 987 suit,
463 923 485 969 a
508 901 681 971 sororibus
704 900 800 987 aliis,
826 923 868 973 ne
891 903 1002 973 exteri
1028 901 1093 973 hoc
1109 901 1309 990 advertant,
1326 903 1486 974 demesso
1508 904 1649 975 frumento
1714 890 1727 955 Ῑῗ

184 1016 335 1088 obtecta.
351 1016 581 1086 Parthenium
605 1039 738 1109 quoque
762 1017 995 1109 Eha’upcurun
1019 1018 1052 1087 in
1075 1030 1201 1111 quarto
1223 1018 1364 1091 Ordinis
1385 1018 1525 1090 saeculo
1544 1019 1649 1090 Meuia·
1714 1034 1723 1073 i·

186 1132 237 1204 les
259 1134 389 1205 virtute
412 1133 542 1204 eximia
565 1134 729 1221 nitentes,
755 1134 836 1205 hina
859 1136 970 1226 sponsi
994 1134 1151 1206 coelestis
1187 1135 1315 1206 visione
1339 1146 1535 1221 recreatas,
1556 1157 1648 1205 nune·
1714 1182 1719 1191 -

187 1252 297 1339 ravit,
322 1251 369 1321 uti
396 1251 504 1322 susius
526 1274 602 1344 cap.
626 1252 659 1322 3
683 1252 707 1342 g
728 1252 760 1321 ²2.
785 1274 817 1322 n.
846 1250 918 1323 tar.
943 1255 1097 1347 exposui.
1121 1253 1194 1323 lam
1218 1252 1424 1346 progredior
1447 1252 1494 1321 ad
1515 1253 1645 1323 virtuteu
1714 1264 1727 1307 -“

187 1368 368 1439 Provincia
392 1369 461 1439 iam
483 1379 580 1456 orta,
607 1368 811 1460 fulgentem.

897 1602 976 1691 §a

186 1832 280 1919 Vita
307 1832 641 1919 Reverendissimi
669 1833 710 1918 P.
739 1833 901 1919 Ioannis
936 1831 1050 1941 Nasi,
1079 1832 1259 1943 Episcopi
1299 1828 1558 1939 Bellinensis‚
1581 1828 1649 1916 su-

292 1965 472 2075 haganei
500 1962 765 2067 Brixinensis,
786 1967 904 2053 zelosi
922 1967 1194 2076 propagatoris
1212 1964 1251 2053 S.
1270 1964 1380 2051 Fidei
1409 1971 1447 2052 et
1473 1966 1650 2052 haeream

293 2099 489 2209 mastigis.

280 2340 357 2412 281.
384 2341 705 2413 Reverendissimus
729 2341 880 2412 loanucs
905 2341 1037 2427 Nasos,
1061 2341 1167 2433 vulgo
1190 2340 1281 2426 Nos,
1306 2340 1504 2427 Eltmauae,
1527 2335 1657 2411 urbicula

194 2458 406 2529 thancmari
435 2458 469 2527 iu
501 2457 627 2528 ditione
651 2458 890 2552 Herbipolensi
926 2458 970 2528 ad
1007 2458 1170 2529 Moenum
1206 2457 1300 2527 insra
1333 2456 1569 2549 Bambergam
1588 2455 1659 2539 sita,

189 2596 245 2644 an.
275 2572 359 2645 last
382 2573 436 2644 die
465 2573 505 2642 lo
528 2574 649 2643 Martii
674 2573 784 2645 lucem
810 2575 899 2645 hauc
922 2575 1041 2668 primis
1063 2579 1247 2667 usurpavit
1269 2571 1387 2644 oculis.
1420 2572 1585 2644 Parentes
1602 2576 1662 2641 eius

191 2690 430 2783 Wolsgangus
453 2688 530 2759 Nas
552 2706 587 2759 et
612 2689 842 2781 Magdaleua,
867 2691 976 2784 stirpe
1000 2690 1194 2777 Schuman,
1218 2712 1262 2760 ex
1286 2688 1413 2759 civium
1439 2694 1665 2781 gregariorum

188 2816 296 2893 sorte,
321 2805 430 2875 lilium
454 2805 689 2897 Bambergam
713 2806 899 2891 miseruut,
925 2815 964 2875 ut
987 2807 1033 2876 ihi
1057 2816 1171 2877 artem
1187 2806 1372 2877 sartoriam
1390 2805 1596 2876 addisceret.
1611 2804 1670 2873 lsta

189 2923 373 2992 instructus
397 2922 551 3015 perrexit
574 2902 860 3014 Norimhergam,
886 2922 962 2992 inde
986 2922 1020 2991 in
1055 2922 1263 3007 Bovarium,
1299 2921 1357 2992 ubi
1386 2920 1530 2993 evoluto
1553 2919 1675 3013 saepius

188 3060 294 3109 aureo
318 3036 432 3107 libello
455 3037 498 3108 de
522 3037 715 3108 imitatione
740 3038 871 3109 Christi
893 3038 1050 3109 stimulos
1074 3037 1119 3107 ad
1154 3037 1317 3109 Ordinem
1355 3038 1589 3132 Seraphicum
1611 3058 1677 3108 seu·

189 3153 292 3241 liena,
318 3162 356 3223 ut
379 3153 449 3221 voti
466 3153 518 3223 sui
535 3176 671 3245 compos
688 3152 872 3241 reddatur,
890 3153 1084 3224 humillime
1101 3154 1300 3247 Superiores
1319 3152 1526 3225 Provinciae
1544 3154 1681 3246 Argent.

189 3268 232 3339 do
255 3270 488 3340 Observantia
516 3269 681 3340 convenit.
717 3270 792 3340 lstis
828 3270 1056 3340 annuentibus
1091 3270 1125 3339 in
1161 3270 1338 3340 Conventu
1363 3269 1589 3359 Merracensi,
1611 3280 1685 3339 tunc

189 3386 355 3477 temporis
380 3384 584 3455 Provinciae
610 3385 727 3455 fatae¹
755 3385 901 3472 inserto,
927 3407 982 3456 au.
1011 3384 1096 3456 lasa
1119 3409 1146 3455 S.
1170 3384 1293 3455 habitu
1316 3384 1466 3455 donatus
1489 3394 1527 3456 et
1557 3408 1688 3457 emenso

190 3501 345 3572 tirocinio
369 3500 412 3571 ad
438 3523 463 3571 s.
490 3500 740 3572 Professiouem
765 3523 821 3571 an.
847 3524 917 3593 seq.
941 3501 998 3571 die
1032 3502 1064 3573 ³3.
1089 3504 1181 3593 Aug.
1216 3500 1389 3573 admissus
1422 3511 1490 3573 est.
1525 3503 1691 3596 ingolsta-

189 3617 284 3687 dium
309 3617 495 3710 deputatus
519 3616 562 3687 de
585 3617 641 3687 die
675 3618 818 3689 servitia
852 3640 915 3689 sua
948 3618 981 3687 in
1005 3617 1157 3689 sartoria
1191 3618 1374 3710 praestitit.
1407 3618 1550 3711 Ingenti
1577 3630 1690 3693 tamen

190 3740 325 3827 pruritu
349 3732 394 3803 ad
429 3732 544 3805 studia
578 3735 796 3827 exagitatus,
834 3745 933 3804 noctu
969 3733 1167 3827 lampadem
1193 3733 1227 3803 in
1250 3732 1452 3806 dormitorio
1477 3744 1564 3807 ante
1593 3736 1693 3808 divae

190 3849 347 3941 Virginis
371 3858 524 3920 statuam
549 3849 748 3937 ardentem,
772 3849 874 3931 adiit,
899 3872 940 3919 ac
974 3849 1087 3919 studio
1122 3848 1263 3941 linguae
1297 3848 1445 3920 Latinae
1479 3860 1517 3921 et
1540 3850 1693 3923 aliarum

192 3990 324 4055 rerum,
350 3965 393 4035 ad
420 3989 490 4036 rem
518 3967 732 4054 facientium,
758 3976 855 4037 tanto
879 3989 957 4036 cum
981 3966 1136 4058 profectu
1161 3966 1319 4053 vacavit,
1343 3974 1382 4036 ut
1404 3965 1451 4036 ad
1477 3966 1707 4047 Clericatum,

191 4062 365 4175 promotus
399 4106 454 4153 an.
484 4083 567 4155 1557
602 4083 783 4173 Prisingae
824 4082 1017 4154 Sacerdotii
1045 4082 1250 4153 charactere
1285 4081 1469 4173 insignitus
1506 4082 1635 4169 suevit,
1663 4094 1696 4155 et

191 4222 246 4271 111.
263 4199 348 4271 1550
363 4199 592 4289 'Pheologicas
608 4199 768 4271 lectiones
784 4199 816 4268 iu
832 4199 1067 4269 Universitate
1084 4197 1347 4289 lngolstadiensi
1369 4197 1601 4289 frequentare
1621 4224 1696 4271 coe·

191 4315 289 4407 perit.
315 4316 369 4386 hd
393 4315 599 4387 collecturas
623 4317 767 4387 emissus
791 4316 824 4384 iu
850 4314 1036 4385 Cathedris
1059 4316 1108 4385 ita
1131 4314 1325 4409 peroravit,
1350 4320 1390 4384 ut
1411 4313 1508 4385 ocius
1541 4316 1698 4388 famosus

192 4431 417 4502 Concionator
440 4431 601 4502 audierit.
627 4432 664 4501 ln
687 4431 901 4502 concionibus
924 4431 1015 4501 seria
1039 4430 1119 4501 iocis
1141 4429 1304 4500 distinxit
1336 4440 1372 4501 et
1395 4429 1569 4523 plurimos
1599 4432 1697 4504 audi-

193 4556 282 4617 tores
306 4548 513 4617 numeravit.
538 4548 576 4617 P.
602 4548 773 4639 Georgius
798 4546 1052 4639 Clostermayr,
1078 4547 1237 4617 Minister
1262 4546 1363 4618 Prov.
1381 4548 1530 4639 Argent.
1557 4550 1697 4621 Seffliu·

191 4686 258 4753 gae
281 4685 337 4734 au.
365 4662 449 4733 151111
472 4662 618 4751 electus,
643 4686 722 4733 eum
747 4662 885 4755 selegit,
912 4674 949 4733 ut
972 4663 1173 4755 lngulstadii
1205 4670 1325 4734 contra
1361 4663 1697 4756 Lutheranismum,

192 4778 382 4871 ingressum
408 4789 615 4867 tentantem,
639 4802 658 4849 e
683 4779 813 4873 pulpito
847 4780 1039 4852 detonaret.
1075 4780 1323 4872 Straubingae,
1360 4780 1418 4851 ubi
1454 4778 1522 4853 hoc
1545 4788 1698 4857 virusa

192 4894 346 4988 pluribus
369 4902 578 4983 attractum,
603 4918 659 4965 an.
688 4895 773 4967 15116
796 4918 919 4967 munus
954 4896 1210 4967 Concioualoris
1244 4898 1368 4988 gessit,
1399 4904 1436 4969 et
1458 4920 1516 4970 an.
1546 4898 1639 4973 1569
1663 4902 1697 4972 in

301 5234 307 5269 ¹
330 5236 405 5287 l’ruv.
425 5235 548 5287 larvarica
569 5236 690 5299 pronitus
708 5248 749 5286 an.
775 5234 839 5286 1613
858 5235 980 5299 surrexit,
1011 5234 1079 5287 unde
1103 5236 1201 5301 srrrruig
1220 5235 1324 5287 sinistre
1351 5234 1530 5287 111111111111111
1559 5236 1703 5291 alumnum

194 5334 268 5385 l‘rov.
289 5334 429 5386 Barartcue
449 5342 532 5387 vocat.
