3766 6090
832 386 1036 437 CHRONIOON

769 621 864 692 Lso
893 622 1029 693 ΡΑΡΑ
1058 623 1104 694 Χ.

282 851 548 922 Venerabilibus
579 851 791 938 Fratribus,
815 862 851 924 et
878 853 1017 924 dilectis
1048 854 1156 925 Filiis
1186 854 1353 941 salutem,
1384 863 1422 928 et
1442 857 1697 950 Apostolicom

184 969 468 1040 benedictionem.
499 969 637 1044 Quanto
662 970 777 1057 inanis
807 970 845 1039 iu
874 969 1104 1061 Relioiouum
1126 970 1304 1042 leonestate
1335 971 1467 1044 Noster
1487 973 1697 1047 cunctator

186 1086 345 1169 unimus,
371 1091 469 1154 torulo
489 1084 639 1175 pravius
663 1085 877 1174 afflim'mur,
899 1109 980 1156 cum
1003 1085 1047 1156 de
1075 1085 1243 1158 Personis
1266 1086 1495 1178 Relrpionum
1530 1088 1624 1160 talia
1648 1089 1700 1159 ad

186 1200 262 1271 Nos
276 1201 506 1291 deferuntur,
522 1224 614 1293 quae
628 1201 824 1292 Relnpiom's
841 1203 952 1295 ipsius
964 1202 1178 1273 charitatem
1190 1203 1422 1290 obumbrout;
1439 1227 1481 1274 ac
1491 1212 1695 1297 propterea

180 1339 251 1409 per
273 1316 412 1387 debitae
435 1316 720 1407 Reformolronis
742 1317 926 1388 sarculum
944 1318 1141 1410 prouidere
1163 1318 1447 1410 adstrinpimur,
1470 1327 1512 1391 ut
1530 1319 1691 1411 Relrpio·

187 1433 244 1502 nis
268 1433 385 1502 lumen
411 1432 448 1501 iu
478 1431 591 1501 Domo
615 1431 768 1502 Domini
796 1431 1034 1523 resplendeat,
1063 1439 1100 1502 et
1121 1433 1332 1522 arcimorum
1360 1434 1568 1505 desiderata
1593 1436 1695 1505 salus

181 1549 379 1640 provenire
402 1546 526 1617 volem.
558 1548 647 1618 Oum
671 1548 807 1639 itaque,
829 1548 922 1617 sicut
949 1547 1189 1618 Cbam'ssinms
1213 1550 1252 1618 in
1281 1548 1417 1620 Christo
1440 1549 1542 1642 filius
1565 1551 1694 1622 Maxi-

190 1663 358 1733 uu'lianas
381 1661 531 1748 Noster,
550 1664 587 1733 iu
611 1662 858 1733 Romanorum
880 1663 1144 1755 Imperatorem
1167 1664 1308 1749 electus,
1324 1687 1463 1758 semper
1487 1666 1692 1754 Auouslus,

189 1780 300 1849 Nobis
315 1802 433 1871 nuper
454 1780 590 1871 erponi
603 1779 708 1870 fecit,
723 1779 818 1871 quod
838 1778 964 1848 dilecti
977 1780 1053 1870 filii
1073 1778 1226 1850 Fratres
1243 1781 1376 1850 Deum
1396 1781 1526 1874 oppidi
1538 1781 1692 1868 Botzen,

194 1895 341 1966 Ordinis
375 1893 767 1964 manumulierum
796 1893 1112 1980 Conventus-alium,
1143 1895 1379 1966 Tridentinae
1404 1897 1607 1983 Dioecests,
1634 1898 1696 1967 sui

192 2010 397 2102 leomorolis
420 2009 571 2079 cmrriinii
590 2011 704 2079 uitam
727 2009 921 2080 admodum
943 2010 1170 2095 dissolutam,
1193 2018 1231 2080 et
1251 2035 1274 2081 a
1298 2011 1495 2101 Relipionis
1519 2020 1555 2082 et
1579 2012 1693 2104 ipsim

195 2125 342 2195 Ordinis
374 2123 612 2216 Repuloribas
644 2125 819 2195 institutis
847 2125 1003 2195 alienam
1027 2125 1178 2210 diccunt,
1207 2134 1245 2196 et
1264 2149 1390 2197 eorum
1412 2127 1490 2197 oito
1518 2134 1556 2196 et
1576 2150 1694 2198 risores

190 2241 291 2335 opud
314 2241 445 2311 incolas
467 2240 732 2311 etbabitutores
754 2240 845 2310 dicti
858 2240 984 2333 oppidi
1004 2241 1212 2311 scandalum
1223 2250 1408 2333 ponerent,
1431 2249 1468 2312 et
1481 2242 1576 2312 olias
1592 2241 1694 2314 elicto

191 2358 324 2428 Ποηηιε
349 2357 386 2425 in
409 2355 661 2448 spiritualibus
683 2364 718 2425 et
741 2355 995 2448 temporalibus
1020 2356 1269 2450 mrdtnpliciter
1291 2357 1498 2448 deformato
1521 2357 1690 2443 exsistat,

193 2473 230 2540 iu
255 2471 449 2563 Reltpiom’s
472 2470 722 2563 opprobrium,
746 2478 782 2540 et
797 2471 1043 2563 perniciosum
1066 2470 1269 2563 exemplum
1291 2478 1329 2542 et
1341 2471 1553 2543 scandalum
1569 2473 1694 2565 pluri-

192 2611 351 2673 morum,
376 2588 488 2679 ipsius
512 2586 645 2656 Domus
668 2586 757 2656 bona
780 2610 850 2656 non
867 2595 1086 2678 aupeontur,
1109 2587 1170 2658 sed
1185 2588 1309 2680 potius
1324 2595 1604 2673 consumantur,
1629 2612 1691 2659 nec

189 2727 268 2797 spes
292 2702 500 2772 verisimiles
522 2703 583 2786 sit,
614 2702 710 2795 quod
739 2703 777 2771 in
799 2701 897 2772 dioto
920 2701 1031 2771 Domo
1062 2701 1225 2795 deinceps
1257 2702 1410 2774 Fratres
1439 2702 1695 2775 Canoernluales

191 2820 255 2890 sub
269 2818 390 2889 debito
409 2817 600 2910 Repuloris
621 2816 874 2888 Obseroautiae
889 2818 1099 2910 disciplina,
1123 2827 1157 2888 et
1172 2818 1279 2889 odore
1301 2818 1411 2889 bonae
1425 2821 1551 2912 samoe
1572 2818 1695 2889 uiuere

192 2934 362 3019 babeant,
386 2933 448 3003 sed
462 2934 587 3024 potius
612 2933 691 3025 ipsa
722 2934 855 3003 Domus
880 2932 1164 3025 Reformationi,
1195 2934 1386 3027 opprobrio
1413 2941 1450 3004 et
1477 2933 1694 3004 desolationi

190 3050 363 3135 subiacet,
387 3074 469 3119 cum
493 3051 650 3120 Antistes
684 3057 718 3119 et
740 3072 865 3119 eorum
905 3050 1116 3119 Visilatores
1147 3049 1240 3142 ipsos
1263 3051 1484 3141 reformare,
1507 3058 1690 3120 eteorum

191 3189 307 3236 risores
330 3167 510 3256 corripere
533 3164 702 3236 bactenas
725 3166 965 3257 uaoleueriut,
988 3172 1022 3235 et
1036 3164 1236 3256 neqlipont,·
1258 3165 1319 3235 sed
1339 3166 1374 3235 si
1393 3165 1492 3236 dicto
1507 3165 1645 3236 Donius
1660 3174 1698 3235 et

194 3281 372 3352 Personae
395 3284 708 3373 reformarentur,
733 3306 775 3352 ac
801 3281 952 3352 Fratres
974 3280 1065 3350 dicti
1090 3280 1240 3352 Ordinis
1273 3281 1465 3372 Reouloris
1497 3280 1694 3352 Observan-

195 3395 267 3464 tiae
290 3394 327 3462 in
350 3416 388 3463 eo
415 3393 749 3478 introducerentur,
772 3415 819 3462 en·
841 3392 903 3462 boc
928 3393 1093 3484 profacto
1115 3391 1261 3463 diuinus
1283 3392 1414 3477 cultus,
1437 3399 1474 3462 et
1495 3392 1692 3485 Repuloris

199 3510 433 3581 Obseruantia
454 3509 628 3578 incudem
651 3510 762 3579 Domo
781 3509 988 3601 plurimum
1007 3518 1299 3601 propoparetur,
1330 3508 1404 3580 Nos
1435 3532 1572 3601 ortoque
1595 3508 1694 3578 Reli-

190 3627 307 3714 pionis
329 3626 561 3710 honestatem,
584 3633 620 3694 et
641 3625 758 3694 diciru'
779 3624 893 3694 cultus
916 3633 1163 3715 ornamentum,
1187 3632 1224 3695 et
1237 3626 1449 3696 animorum
1465 3624 1619 3695 salutem
1635 3649 1695 3696 rso-

193 3743 279 3813 stris
296 3742 528 3834 polessimuru
547 3740 762 3832 temporibus
785 3741 932 3811 sinceris
948 3740 1190 3810 <desiderantes
1210 3740 1414 3831 offlectibus,
1426 3740 1600 3832 praefati
1614 3740 1695 3809 Ma

193 3858 384 3927 niuu'liaui
407 3857 643 3949 Imperatores
669 3858 705 3924 iu
722 3856 788 3926 buc
806 3864 918 3948 parte
939 3855 1257 3948 supplicationibus
1278 3856 1461 3940 inclinati,
1485 3855 1700 3925 discretioni

194 3983 350 4059 vestroe,
375 3975 418 4044 de
440 3997 591 4066 ancorum
625 3973 759 4041 uirtute
789 3980 826 4041 et
848 3972 1032 4064 probitate
1061 3995 1158 4064 spe-m
1193 3971 1377 4042 indubiam
1407 3970 1595 4055 babemus,
1625 3994 1698 4063 per

190 4098 396 4182 praesentes
418 4089 672 4158 cosrcmittimus
696 4097 731 4157 et
753 4087 985 4172 *uitandarum
1010 4097 1182 4180 qncoteuus
1206 4088 1256 4157 ad
1276 4088 1410 4158 dictam
1434 4087 1588 4158 Daunum
1607 4110 1694 4179 per-

194 4205 365 4275 souolue·
387 4205 580 4288 succedatis,
604 4212 639 4273 et
661 4205 774 4274 solum
799 4204 915 4273 Deum
934 4226 1028 4296 prae
1050 4205 1159 4274 oculis
1181 4195 1364 4288 babentes,
1389 4203 1546 4272 Morinum
1579 4202 1698 4294 ipsam

195 4321 347 4390 elidius
381 4320 581 4410 siupulures
605 4319 782 4390 Personas
819 4320 997 4411 incapite
1030 4328 1065 4388 et
1089 4319 1277 4404 irsornbris,
1296 4325 1413 4411 prout
1447 4319 1554 4388 iuocto
1581 4318 1697 4408 ipsius

201 4436 347 4507 Ordim‘s
378 4437 642 4505 eoinstitulioues
665 4442 701 4505 et
724 4435 923 4525 Reoulorio
951 4435 1116 4505 instituto
1144 4434 1318 4526 expedire
1350 4432 1550 4516 oillebitur,
1574 4434 1695 4522 refor-

197 4552 298 4621 metis
321 4559 357 4620 ct
378 4551 657 4642 cor·rt'palrs,1uc
683 4551 778 4619 illius
804 4550 1035 4634 Occardiauo,
1059 4558 1094 4619 ot
1121 4549 1337 4634 Fratribus,
1360 4557 1398 4619 et
1419 4547 1606 4631 Persoms,
1633 4549 1702 4641 qui

199 4667 291 4735 inubi
310 4666 373 4736 sub
396 4656 670 4757 Refomuati'oue
694 4690 735 4735 oc
761 4665 938 4756 Remduri
964 4664 1196 4736 Obscrronlia
1223 4668 1337 4735 oluere
1360 4662 1561 4746 noluerint,
1587 4670 1630 4731 ut
1645 4663 1700 4733 od

197 4784 290 4854 olias
314 4782 442 4852 Duum
465 4790 502 4850 et
521 4782 597 4851 loca
612 4781 769 4851 eiusdem
797 4780 960 4865 Ordinis,
983 4783 1017 4850 si
1038 4781 1213 4851 benevolos
1245 4779 1449 4850 inuenerint
1467 4784 1695 4869 receptores,

201 5077 280 5142 1456,
301 5091 325 5129 n.
346 5077 405 5128 229.
432 5073 514 5126 [luch.
534 5076 559 5125 in
585 5072 679 5126 Chron.
699 5073 747 5124 col.
773 5071 833 5123 617,
853 5071 925 5124 Com.
950 5070 1011 5124 Orb.
1032 5071 1139 5135 seraph.
1166 5077 1182 5121 ι.
1206 5069 1222 5120 5
1246 5083 1272 5135 p.
1298 5070 1348 5121 338
1373 5074 1398 5121 ot
1421 5081 1476 5136 seq.
1500 5064 1597 5120 Chron.
1618 5081 1700 5132 parv.

200 5177 274 5228 Pron.
296 5174 385 5238 Tyrol.
406 5188 430 5238 p.
455 5172 503 5223 125
521 5176 568 5223 olo.
589 5172 699 5236 llorzog.
718 5185 744 5235 p.
765 5170 811 5235 68,
831 5176 855 5221 cl
870 5171 893 5221 in
913 5178 985 5234 panc
1005 5169 1140 5234 posteriori
1162 5183 1186 5232 p.
1201 5168 1242 5218 32.
1263 5167 1320 5219 Poe.
1334 5167 1410 5218 Prov.
1430 5167 1515 5218 lustr.
1530 5178 1556 5230 p.
1577 5163 1619 5216 ts.
1636 5165 1704 5218 Tro·

199 5274 269 5325 ierus
290 5273 314 5323 io
334 5269 429 5323 Chron.
449 5270 552 5321 Bulssn.
573 5283 593 5321 c.
618 5270 648 5320 12
667 5274 692 5320 ct
714 5268 753 5319 13,
