<?xml version="1.0" encoding="UTF-8"?>
<!DOCTYPE html PUBLIC "-//W3C//DTD XHTML 1.0 Transitional//EN"
    "http://www.w3.org/TR/xhtml1/DTD/xhtml1-transitional.dtd">
<html xmlns="http://www.w3.org/1999/xhtml" xml:lang="en" lang="en">
 <head>
  <title>
</title>
<meta http-equiv="Content-Type" content="text/html;charset=utf-8" />
  <meta name='ocr-system' content='tesseract 3.04.00' />
  <meta name='ocr-capabilities' content='ocr_page ocr_carea ocr_par ocr_line ocrx_word'/>
</head>
<body>
  <div class='ocr_page' id='page_1' title='image "./chronicarefiere00greigoog_0108.png"; bbox 0 0 3750 6082; ppageno 0'>
   <div class='ocr_carea' id='block_1_1' title="bbox 608 94 1704 181">
    <p class='ocr_par' dir='ltr' id='par_1_1' title="bbox 608 94 1704 181">
     <span class='ocr_line' id='line_1_1' title="bbox 608 94 1704 181; baseline -0.004 -13"><span class='ocrx_word' id='word_1_1' title='bbox 608 121 771 170; x_wconf 81' lang='lat' dir='ltr'><strong><em>PROVING.</em></strong></span> <span class='ocrx_word' id='word_1_2' title='bbox 795 119 924 168; x_wconf 62' lang='lat' dir='ltr'><strong><em>riuos.</em></strong></span> <span class='ocrx_word' id='word_1_3' title='bbox 947 119 1000 181; x_wconf 78' lang='lat' dir='ltr'><strong><em>rr,</em></strong></span> <span class='ocrx_word' id='word_1_4' title='bbox 1024 118 1147 167; x_wconf 73' lang='lat' dir='ltr'><strong><em>uluou.</em></strong></span> <span class='ocrx_word' id='word_1_5' title='bbox 1172 117 1300 167; x_wconf 69' lang='lat' dir='ltr'><strong><em>ueros.</em></strong></span> <span class='ocrx_word' id='word_1_6' title='bbox 1658 94 1704 164; x_wconf 87' lang='lat'><strong><em>93</em></strong></span> 
     </span>
    </p>
   </div>
   <div class='ocr_carea' id='block_1_2' title="bbox 175 238 1737 4734">
    <p class='ocr_par' dir='ltr' id='par_1_2' title="bbox 175 238 1737 4734">
     <span class='ocr_line' id='line_1_2' title="bbox 194 238 1706 334; baseline 0.001 -29"><span class='ocrx_word' id='word_1_7' title='bbox 194 264 242 310; x_wconf 83' lang='lat' dir='ltr'><strong><em>se</em></strong></span> <span class='ocrx_word' id='word_1_8' title='bbox 266 245 511 334; x_wconf 79' lang='lat' dir='ltr'><strong><em>transferant,</em></strong></span> <span class='ocrx_word' id='word_1_9' title='bbox 540 242 683 313; x_wconf 87' lang='lat' dir='ltr'><strong><em>licentia</em></strong></span> <span class='ocrx_word' id='word_1_10' title='bbox 710 265 869 312; x_wconf 79' lang='lat' dir='ltr'><strong><em>corscessa</em></strong></span> <span class='ocrx_word' id='word_1_11' title='bbox 898 240 1051 311; x_wconf 90' lang='lat' dir='ltr'><strong><em>Fratres</em></strong></span> <span class='ocrx_word' id='word_1_12' title='bbox 1074 241 1165 309; x_wconf 88' lang='lat' dir='ltr'><strong><em>dicti</em></strong></span> <span class='ocrx_word' id='word_1_13' title='bbox 1199 240 1348 310; x_wconf 69' lang='lat' dir='ltr'><strong><em>(bdinis</em></strong></span> <span class='ocrx_word' id='word_1_14' title='bbox 1372 239 1565 329; x_wconf 78' lang='lat' dir='ltr'><strong><em>Reqitlaris</em></strong></span> <span class='ocrx_word' id='word_1_15' title='bbox 1586 238 1706 308; x_wconf 90' lang='lat' dir='ltr'><strong><em>Obser-</em></strong></span> 
     </span>
     <span class='ocr_line' id='line_1_3' title="bbox 188 356 1706 451; baseline 0.001 -28"><span class='ocrx_word' id='word_1_16' title='bbox 188 361 353 429; x_wconf 71' lang='lat' dir='ltr'><strong><em>vantiae</em></strong></span> <span class='ocrx_word' id='word_1_17' title='bbox 375 360 414 427; x_wconf 88' lang='lat' dir='ltr'><strong><em>in</em></strong></span> <span class='ocrx_word' id='word_1_18' title='bbox 436 359 560 429; x_wconf 89' lang='lat' dir='ltr'><strong><em>eodem</em></strong></span> <span class='ocrx_word' id='word_1_19' title='bbox 584 359 696 428; x_wconf 75' lang='lat' dir='ltr'><strong><em>Datim</em></strong></span> <span class='ocrx_word' id='word_1_20' title='bbox 713 359 861 451; x_wconf 87' lang='lat' dir='ltr'><strong><em>ponatis</em></strong></span> <span class='ocrx_word' id='word_1_21' title='bbox 882 365 919 427; x_wconf 91' lang='lat' dir='ltr'><strong><em>et</em></strong></span> <span class='ocrx_word' id='word_1_22' title='bbox 932 358 1184 442; x_wconf 82' lang='lat' dir='ltr'><strong><em>introducatis,</em></strong></span> <span class='ocrx_word' id='word_1_23' title='bbox 1209 380 1271 426; x_wconf 91' lang='lat' dir='ltr'><strong><em>nec</em></strong></span> <span class='ocrx_word' id='word_1_24' title='bbox 1294 380 1364 425; x_wconf 80' lang='lat' dir='ltr'><strong><em>iton</em></strong></span> <span class='ocrx_word' id='word_1_25' title='bbox 1379 357 1529 427; x_wconf 86' lang='lat' dir='ltr'><strong><em>eandem</em></strong></span> <span class='ocrx_word' id='word_1_26' title='bbox 1553 356 1706 426; x_wconf 82' lang='lat' dir='ltr'><strong><em>Doncmn</em></strong></span> 
     </span>
     <span class='ocr_line' id='line_1_4' title="bbox 183 471 1708 555; baseline -0.001 -15"><span class='ocrx_word' id='word_1_27' title='bbox 183 498 218 542; x_wconf 83' lang='grc' dir='ltr'><strong><em>(ι</em></strong></span> <span class='ocrx_word' id='word_1_28' title='bbox 248 475 456 544; x_wconf 75' lang='lat' dir='ltr'><strong><em>visitatione</em></strong></span> <span class='ocrx_word' id='word_1_29' title='bbox 478 481 513 544; x_wconf 93' lang='lat' dir='ltr'><strong><em>et</em></strong></span> <span class='ocrx_word' id='word_1_30' title='bbox 538 473 785 543; x_wconf 86' lang='lat' dir='ltr'><strong><em>iurisdictione</em></strong></span> <span class='ocrx_word' id='word_1_31' title='bbox 809 473 1065 543; x_wconf 78' lang='lat' dir='ltr'><strong><em>Ministrormn</em></strong></span> <span class='ocrx_word' id='word_1_32' title='bbox 1092 471 1278 542; x_wconf 74' lang='lat' dir='ltr'><em>Generalis</em></span> <span class='ocrx_word' id='word_1_33' title='bbox 1301 480 1335 541; x_wconf 94' lang='lat' dir='ltr'><strong><em>et</em></strong></span> <span class='ocrx_word' id='word_1_34' title='bbox 1359 472 1603 542; x_wconf 83' lang='lat' dir='ltr'><strong><em>Provincialis</em></strong></span> <span class='ocrx_word' id='word_1_35' title='bbox 1621 475 1648 555; x_wconf 88' lang='lat'><strong><em>¹,</em></strong></span> <span class='ocrx_word' id='word_1_36' title='bbox 1673 480 1708 540; x_wconf 90' lang='lat' dir='ltr'><strong><em>et</em></strong></span> 
     </span>
     <span class='ocr_line' id='line_1_5' title="bbox 180 586 1707 683; baseline -0.003 -25"><span class='ocrx_word' id='word_1_37' title='bbox 180 591 362 660; x_wconf 77' lang='lat' dir='ltr'><strong><em>altorum</em></strong></span> <span class='ocrx_word' id='word_1_38' title='bbox 395 590 635 683; x_wconf 76' lang='lat' dir='ltr'><strong><em>Superiorem</em></strong></span> <span class='ocrx_word' id='word_1_39' title='bbox 660 589 841 660; x_wconf 75' lang='lat' dir='ltr'><strong><em>Fratrum</em></strong></span> <span class='ocrx_word' id='word_1_40' title='bbox 871 586 1185 673; x_wconf 59' lang='lat' dir='ltr'><strong><em>&amp;niventualtmm</em></strong></span> <span class='ocrx_word' id='word_1_41' title='bbox 1220 589 1286 682; x_wconf 87' lang='lat' dir='ltr'><strong><em>qui</em></strong></span> <span class='ocrx_word' id='word_1_42' title='bbox 1317 587 1451 658; x_wconf 80' lang='lat' dir='ltr'><strong><em>dictam</em></strong></span> <span class='ocrx_word' id='word_1_43' title='bbox 1482 587 1637 656; x_wconf 88' lang='lat' dir='ltr'><strong><em>Domum</em></strong></span> <span class='ocrx_word' id='word_1_44' title='bbox 1671 595 1707 655; x_wconf 93' lang='lat' dir='ltr'><strong><em>et</em></strong></span> 
     </span>
     <span class='ocr_line' id='line_1_6' title="bbox 181 685 1705 799; baseline -0.002 -24"><span class='ocrx_word' id='word_1_45' title='bbox 181 685 377 790; x_wconf 78' lang='lat' dir='ltr'><strong><em>Fratres,</em></strong></span> <span class='ocrx_word' id='word_1_46' title='bbox 400 729 481 775; x_wconf 79' lang='lat' dir='ltr'><strong><em>eain</em></strong></span> <span class='ocrx_word' id='word_1_47' title='bbox 492 729 564 799; x_wconf 90' lang='lat' dir='ltr'><strong><em>pro</em></strong></span> <span class='ocrx_word' id='word_1_48' title='bbox 589 713 746 798; x_wconf 88' lang='lat' dir='ltr'><strong><em>tempore</em></strong></span> <span class='ocrx_word' id='word_1_49' title='bbox 763 704 1015 789; x_wconf 90' lang='lat' dir='ltr'><strong><em>inbabitontes,</em></strong></span> <span class='ocrx_word' id='word_1_50' title='bbox 1038 707 1247 797; x_wconf 80' lang='lat' dir='ltr'><strong><em>reformare</em></strong></span> <span class='ocrx_word' id='word_1_51' title='bbox 1262 704 1510 795; x_wconf 76' lang='lat' dir='ltr'><strong><em>neqleuerunt,</em></strong></span> <span class='ocrx_word' id='word_1_52' title='bbox 1529 711 1705 797; x_wconf 89' lang='lat' dir='ltr'><strong><em>perpetuo</em></strong></span> 
     </span>
     <span class='ocr_line' id='line_1_7' title="bbox 175 819 1709 913; baseline 0 -26"><span class='ocrx_word' id='word_1_53' title='bbox 175 821 393 906; x_wconf 68' lang='lat' dir='ltr'><strong><em>muniatis,</em></strong></span> <span class='ocrx_word' id='word_1_54' title='bbox 417 845 460 891; x_wconf 88' lang='lat' dir='ltr'><strong><em>ac</em></strong></span> <span class='ocrx_word' id='word_1_55' title='bbox 474 821 537 890; x_wconf 90' lang='lat' dir='ltr'><strong><em>snb</em></strong></span> <span class='ocrx_word' id='word_1_56' title='bbox 559 821 775 905; x_wconf 79' lang='lat' dir='ltr'><strong><em>obedientia,</em></strong></span> <span class='ocrx_word' id='word_1_57' title='bbox 791 821 1048 913; x_wconf 90' lang='lat' dir='ltr'><strong><em>superioritate</em></strong></span> <span class='ocrx_word' id='word_1_58' title='bbox 1070 829 1106 890; x_wconf 93' lang='lat' dir='ltr'><strong><em>et</em></strong></span> <span class='ocrx_word' id='word_1_59' title='bbox 1121 820 1368 889; x_wconf 82' lang='lat' dir='ltr'><strong><em>iurisdictione</em></strong></span> <span class='ocrx_word' id='word_1_60' title='bbox 1399 819 1649 904; x_wconf 89' lang='lat' dir='ltr'><strong><em>Vioariorum,</em></strong></span> <span class='ocrx_word' id='word_1_61' title='bbox 1673 827 1709 888; x_wconf 91' lang='lat' dir='ltr'><strong><em>et</em></strong></span> 
     </span>
     <span class='ocr_line' id='line_1_8' title="bbox 188 936 1707 1029; baseline -0.001 -22"><span class='ocrx_word' id='word_1_62' title='bbox 188 937 400 1008; x_wconf 79' lang='lat' dir='ltr'><strong><em>Generalis</em></strong></span> <span class='ocrx_word' id='word_1_63' title='bbox 422 938 603 1009; x_wconf 84' lang='lat' dir='ltr'><strong><em>dictorum</em></strong></span> <span class='ocrx_word' id='word_1_64' title='bbox 627 938 808 1008; x_wconf 77' lang='lat' dir='ltr'><strong><em>Fratrum</em></strong></span> <span class='ocrx_word' id='word_1_65' title='bbox 830 937 875 1007; x_wconf 89' lang='lat' dir='ltr'><strong><em>dc</em></strong></span> <span class='ocrx_word' id='word_1_66' title='bbox 903 938 1134 1008; x_wconf 90' lang='lat' dir='ltr'><strong><em>Observantia</em></strong></span> <span class='ocrx_word' id='word_1_67' title='bbox 1157 945 1464 1029; x_wconf 71' lang='lat' dir='ltr'><strong><em>nuncupatorum,</em></strong></span> <span class='ocrx_word' id='word_1_68' title='bbox 1494 944 1531 1006; x_wconf 90' lang='lat' dir='ltr'><strong><em>et</em></strong></span> <span class='ocrx_word' id='word_1_69' title='bbox 1554 936 1707 1006; x_wconf 88' lang='lat' dir='ltr'><strong><em>Provin-</em></strong></span> 
     </span>
     <span class='ocr_line' id='line_1_9' title="bbox 180 1052 1701 1136; baseline -0.002 -13"><span class='ocrx_word' id='word_1_70' title='bbox 180 1053 309 1124; x_wconf 83' lang='lat' dir='ltr'><strong><em>cialis</em></strong></span> <span class='ocrx_word' id='word_1_71' title='bbox 333 1052 551 1124; x_wconf 77' lang='lat' dir='ltr'><strong><em>Provinciae</em></strong></span> <span class='ocrx_word' id='word_1_72' title='bbox 574 1054 748 1124; x_wconf 81' lang='lat' dir='ltr'><strong><em>Amtriae</em></strong></span> <span class='ocrx_word' id='word_1_73' title='bbox 779 1055 886 1124; x_wconf 80' lang='lat' dir='ltr'><strong><em>inacta</em></strong></span> <span class='ocrx_word' id='word_1_74' title='bbox 909 1076 1045 1123; x_wconf 90' lang='lat' dir='ltr'><strong><em>morem</em></strong></span> <span class='ocrx_word' id='word_1_75' title='bbox 1067 1053 1159 1121; x_wconf 88' lang='lat' dir='ltr'><strong><em>dicti</em></strong></span> <span class='ocrx_word' id='word_1_76' title='bbox 1184 1052 1347 1136; x_wconf 86' lang='lat' dir='ltr'><strong><em>Ordinis,</em></strong></span> <span class='ocrx_word' id='word_1_77' title='bbox 1375 1060 1556 1121; x_wconf 85' lang='lat' dir='ltr'><strong><em>eteorum</em></strong></span> <span class='ocrx_word' id='word_1_78' title='bbox 1578 1052 1701 1120; x_wconf 80' lang='lat' dir='ltr'><strong><em>visita·</em></strong></span> 
     </span>
     <span class='ocr_line' id='line_1_10' title="bbox 186 1165 1711 1261; baseline -0.003 -23"><span class='ocrx_word' id='word_1_79' title='bbox 186 1170 302 1239; x_wconf 71' lang='lat' dir='ltr'><strong><em>tion-i</em></strong></span> <span class='ocrx_word' id='word_1_80' title='bbox 322 1177 360 1239; x_wconf 87' lang='lat' dir='ltr'><strong><em>et</em></strong></span> <span class='ocrx_word' id='word_1_81' title='bbox 380 1170 615 1254; x_wconf 77' lang='lat' dir='ltr'><strong><em>correctioni,</em></strong></span> <span class='ocrx_word' id='word_1_82' title='bbox 646 1169 882 1253; x_wconf 84' lang='lat' dir='ltr'><strong><em>obedientiae,</em></strong></span> <span class='ocrx_word' id='word_1_83' title='bbox 905 1168 1160 1261; x_wconf 90' lang='lat' dir='ltr'><strong><em>superioritati</em></strong></span> <span class='ocrx_word' id='word_1_84' title='bbox 1180 1175 1216 1237; x_wconf 90' lang='lat' dir='ltr'><strong><em>et</em></strong></span> <span class='ocrx_word' id='word_1_85' title='bbox 1240 1168 1412 1256; x_wconf 73' lang='lat' dir='ltr'><strong><em>potestati</em></strong></span> <span class='ocrx_word' id='word_1_86' title='bbox 1431 1165 1645 1250; x_wconf 80' lang='lat' dir='ltr'><strong><em>subiiciatis,</em></strong></span> <span class='ocrx_word' id='word_1_87' title='bbox 1675 1175 1711 1233; x_wconf 90' lang='lat' dir='ltr'><strong><em>et</em></strong></span> 
     </span>
     <span class='ocr_line' id='line_1_11' title="bbox 188 1282 1709 1378; baseline -0.003 -24"><span class='ocrx_word' id='word_1_88' title='bbox 188 1287 378 1378; x_wconf 79' lang='lat' dir='ltr'><strong><em>iusuper,</em></strong></span> <span class='ocrx_word' id='word_1_89' title='bbox 402 1310 484 1356; x_wconf 89' lang='lat' dir='ltr'><strong><em>oum</em></strong></span> <span class='ocrx_word' id='word_1_90' title='bbox 516 1285 670 1356; x_wconf 77' lang='lat' dir='ltr'><strong><em>Fratres</em></strong></span> <span class='ocrx_word' id='word_1_91' title='bbox 693 1284 851 1355; x_wconf 81' lang='lat' dir='ltr'><strong><em>Minores</em></strong></span> <span class='ocrx_word' id='word_1_92' title='bbox 882 1286 989 1355; x_wconf 83' lang='lat' dir='ltr'><strong><em>iuata</em></strong></span> <span class='ocrx_word' id='word_1_93' title='bbox 1012 1308 1137 1353; x_wconf 91' lang='lat' dir='ltr'><strong><em>eorum</em></strong></span> <span class='ocrx_word' id='word_1_94' title='bbox 1154 1284 1385 1376; x_wconf 79' lang='lat' dir='ltr'><strong><em>primaevam</em></strong></span> <span class='ocrx_word' id='word_1_95' title='bbox 1414 1282 1629 1371; x_wconf 81' lang='lat' dir='ltr'><strong><em>Reqularem</em></strong></span> <span class='ocrx_word' id='word_1_96' title='bbox 1654 1282 1709 1350; x_wconf 90' lang='lat' dir='ltr'><strong><em>in·</em></strong></span> 
     </span>
     <span class='ocr_line' id='line_1_12' title="bbox 195 1397 1711 1494; baseline -0.003 -22"><span class='ocrx_word' id='word_1_97' title='bbox 195 1403 438 1472; x_wconf 78' lang='lat' dir='ltr'><strong><em>stitutionem</em></strong></span> <span class='ocrx_word' id='word_1_98' title='bbox 467 1403 651 1494; x_wconf 76' lang='lat' dir='ltr'><strong><em>incapaces</em></strong></span> <span class='ocrx_word' id='word_1_99' title='bbox 680 1400 852 1471; x_wconf 90' lang='lat' dir='ltr'><strong><em>bonorum</em></strong></span> <span class='ocrx_word' id='word_1_100' title='bbox 884 1400 1118 1471; x_wconf 86' lang='lat' dir='ltr'><strong><em>immobilium</em></strong></span> <span class='ocrx_word' id='word_1_101' title='bbox 1148 1400 1344 1484; x_wconf 73' lang='lat' dir='ltr'><strong><em>exsistant,</em></strong></span> <span class='ocrx_word' id='word_1_102' title='bbox 1370 1406 1566 1491; x_wconf 87' lang='lat' dir='ltr'><strong><em>proventus</em></strong></span> <span class='ocrx_word' id='word_1_103' title='bbox 1593 1397 1711 1467; x_wconf 78' lang='lat' dir='ltr'><strong><em>electae</em></strong></span> 
     </span>
     <span class='ocr_line' id='line_1_13' title="bbox 206 1515 1711 1610; baseline -0.005 -23"><span class='ocrx_word' id='word_1_104' title='bbox 206 1517 353 1587; x_wconf 85' lang='lat' dir='ltr'><strong><em>Domus</em></strong></span> <span class='ocrx_word' id='word_1_105' title='bbox 369 1538 441 1610; x_wconf 87' lang='lat' dir='ltr'><strong><em>per</em></strong></span> <span class='ocrx_word' id='word_1_106' title='bbox 463 1540 539 1601; x_wconf 90' lang='lat' dir='ltr'><strong><em>vos,</em></strong></span> <span class='ocrx_word' id='word_1_107' title='bbox 562 1517 618 1586; x_wconf 92' lang='lat' dir='ltr'><strong><em>vel</em></strong></span> <span class='ocrx_word' id='word_1_108' title='bbox 639 1516 799 1609; x_wconf 86' lang='lat' dir='ltr'><strong><em>aliquam</em></strong></span> <span class='ocrx_word' id='word_1_109' title='bbox 814 1517 889 1586; x_wconf 91' lang='lat' dir='ltr'><strong><em>sive</em></strong></span> <span class='ocrx_word' id='word_1_110' title='bbox 912 1515 1050 1609; x_wconf 89' lang='lat' dir='ltr'><strong><em>aliquas</em></strong></span> <span class='ocrx_word' id='word_1_111' title='bbox 1066 1515 1244 1586; x_wconf 89' lang='lat' dir='ltr'><strong><em>Personas</em></strong></span> <span class='ocrx_word' id='word_1_112' title='bbox 1267 1515 1549 1599; x_wconf 66' lang='lat' dir='ltr'><strong><em>Ecclesiasticus,</em></strong></span> <span class='ocrx_word' id='word_1_113' title='bbox 1567 1537 1638 1606; x_wconf 90' lang='lat' dir='ltr'><strong><em>per</em></strong></span> <span class='ocrx_word' id='word_1_114' title='bbox 1653 1536 1711 1582; x_wconf 88' lang='lat' dir='ltr'><strong><em>vos</em></strong></span> 
     </span>
     <span class='ocr_line' id='line_1_14' title="bbox 205 1630 1712 1724; baseline -0.002 -23"><span class='ocrx_word' id='word_1_115' title='bbox 205 1631 458 1724; x_wconf 67' lang='lat' dir='ltr'><strong><em>deportandas,</em></strong></span> <span class='ocrx_word' id='word_1_116' title='bbox 483 1631 635 1703; x_wconf 88' lang='lat' dir='ltr'><strong><em>vendere</em></strong></span> <span class='ocrx_word' id='word_1_117' title='bbox 656 1654 717 1701; x_wconf 90' lang='lat' dir='ltr'><strong><em>seu</em></strong></span> <span class='ocrx_word' id='word_1_118' title='bbox 741 1631 862 1716; x_wconf 90' lang='lat' dir='ltr'><strong><em>vendi,</em></strong></span> <span class='ocrx_word' id='word_1_119' title='bbox 887 1655 929 1701; x_wconf 91' lang='lat' dir='ltr'><strong><em>ac</em></strong></span> <span class='ocrx_word' id='word_1_120' title='bbox 946 1633 1113 1724; x_wconf 90' lang='lat' dir='ltr'><strong><em>pretium</em></strong></span> <span class='ocrx_word' id='word_1_121' title='bbox 1137 1631 1281 1702; x_wconf 76' lang='lat' dir='ltr'><strong><em>illorum</em></strong></span> <span class='ocrx_word' id='word_1_122' title='bbox 1298 1653 1370 1723; x_wconf 88' lang='lat' dir='ltr'><strong><em>pro</em></strong></span> <span class='ocrx_word' id='word_1_123' title='bbox 1392 1630 1625 1723; x_wconf 81' lang='lat' dir='ltr'><strong><em>reparatione</em></strong></span> <span class='ocrx_word' id='word_1_124' title='bbox 1656 1653 1712 1699; x_wconf 91' lang='lat' dir='ltr'><strong><em>ae·</em></strong></span> 
     </span>
     <span class='ocr_line' id='line_1_15' title="bbox 202 1745 1709 1838; baseline -0.001 -23"><span class='ocrx_word' id='word_1_125' title='bbox 202 1746 442 1838; x_wconf 66' lang='lat' dir='ltr'><strong><em>defletorum,</em></strong></span> <span class='ocrx_word' id='word_1_126' title='bbox 467 1755 505 1817; x_wconf 91' lang='lat' dir='ltr'><strong><em>et</em></strong></span> <span class='ocrx_word' id='word_1_127' title='bbox 525 1747 609 1817; x_wconf 90' lang='lat' dir='ltr'><strong><em>aliis</em></strong></span> <span class='ocrx_word' id='word_1_128' title='bbox 638 1746 902 1816; x_wconf 89' lang='lat' dir='ltr'><strong><em>necessitatibus</em></strong></span> <span class='ocrx_word' id='word_1_129' title='bbox 923 1747 1040 1817; x_wconf 88' lang='lat' dir='ltr'><strong><em>dietae</em></strong></span> <span class='ocrx_word' id='word_1_130' title='bbox 1063 1747 1198 1816; x_wconf 76' lang='lat' dir='ltr'><strong><em>Demea</em></strong></span> <span class='ocrx_word' id='word_1_131' title='bbox 1220 1755 1254 1817; x_wconf 90' lang='lat' dir='ltr'><strong><em>et</em></strong></span> <span class='ocrx_word' id='word_1_132' title='bbox 1277 1745 1458 1817; x_wconf 84' lang='lat' dir='ltr'><strong><em>Fratrum</em></strong></span> <span class='ocrx_word' id='word_1_133' title='bbox 1482 1746 1709 1837; x_wconf 80' lang='lat' dir='ltr'><strong><em>Reformato-</em></strong></span> 
     </span>
     <span class='ocr_line' id='line_1_16' title="bbox 205 1862 1712 1955; baseline -0.001 -22"><span class='ocrx_word' id='word_1_134' title='bbox 205 1887 319 1948; x_wconf 80' lang='lat' dir='ltr'><strong><em>rum,</em></strong></span> <span class='ocrx_word' id='word_1_135' title='bbox 337 1865 376 1932; x_wconf 91' lang='lat' dir='ltr'><strong><em>in</em></strong></span> <span class='ocrx_word' id='word_1_136' title='bbox 400 1886 443 1933; x_wconf 88' lang='lat' dir='ltr'><strong><em>ea</em></strong></span> <span class='ocrx_word' id='word_1_137' title='bbox 458 1862 717 1948; x_wconf 75' lang='lat' dir='ltr'><strong><em>habitantium,</em></strong></span> <span class='ocrx_word' id='word_1_138' title='bbox 734 1865 895 1933; x_wconf 82' lang='lat' dir='ltr'><strong><em>concerti</em></strong></span> <span class='ocrx_word' id='word_1_139' title='bbox 915 1871 952 1933; x_wconf 92' lang='lat' dir='ltr'><strong><em>et</em></strong></span> <span class='ocrx_word' id='word_1_140' title='bbox 963 1863 1123 1954; x_wconf 78' lang='lat' dir='ltr'><strong><em>fideliter</em></strong></span> <span class='ocrx_word' id='word_1_141' title='bbox 1145 1864 1294 1955; x_wconf 80' lang='lat' dir='ltr'><strong><em>eaponi,</em></strong></span> <span class='ocrx_word' id='word_1_142' title='bbox 1312 1887 1354 1932; x_wconf 89' lang='lat' dir='ltr'><strong><em>oe</em></strong></span> <span class='ocrx_word' id='word_1_143' title='bbox 1377 1864 1500 1932; x_wconf 79' lang='lat' dir='ltr'><strong><em>orriin&#39;a</em></strong></span> <span class='ocrx_word' id='word_1_144' title='bbox 1514 1871 1551 1931; x_wconf 91' lang='lat' dir='ltr'><strong><em>et</em></strong></span> <span class='ocrx_word' id='word_1_145' title='bbox 1570 1863 1712 1954; x_wconf 82' lang='lat' dir='ltr'><strong><em>sinqula</em></strong></span> 
     </span>
     <span class='ocr_line' id='line_1_17' title="bbox 208 1978 1712 2073; baseline 0.001 -26"><span class='ocrx_word' id='word_1_146' title='bbox 208 1979 290 2049; x_wconf 74' lang='lat' dir='ltr'><strong><em>alta</em></strong></span> <span class='ocrx_word' id='word_1_147' title='bbox 316 1980 354 2048; x_wconf 88' lang='lat' dir='ltr'><strong><em>in</em></strong></span> <span class='ocrx_word' id='word_1_148' title='bbox 375 1979 578 2072; x_wconf 76' lang='lat' dir='ltr'><strong><em>promissis,</em></strong></span> <span class='ocrx_word' id='word_1_149' title='bbox 609 2001 670 2049; x_wconf 90' lang='lat' dir='ltr'><strong><em>seu</em></strong></span> <span class='ocrx_word' id='word_1_150' title='bbox 693 1978 953 2073; x_wconf 88' lang='lat' dir='ltr'><strong><em>quomodolibet</em></strong></span> <span class='ocrx_word' id='word_1_151' title='bbox 983 1987 1185 2071; x_wconf 90' lang='lat' dir='ltr'><strong><em>opportuna</em></strong></span> <span class='ocrx_word' id='word_1_152' title='bbox 1215 1980 1313 2048; x_wconf 82' lang='lat' dir='ltr'><strong><em>dicta</em></strong></span> <span class='ocrx_word' id='word_1_153' title='bbox 1336 1980 1551 2049; x_wconf 79' lang='lat' dir='ltr'><strong><em>aitctoritate</em></strong></span> <span class='ocrx_word' id='word_1_154' title='bbox 1575 1978 1712 2048; x_wconf 91' lang='lat' dir='ltr'><strong><em>Nostra</em></strong></span> 
     </span>
     <span class='ocr_line' id='line_1_18' title="bbox 206 2094 1713 2189; baseline 0.001 -26"><span class='ocrx_word' id='word_1_155' title='bbox 206 2096 360 2180; x_wconf 83' lang='lat' dir='ltr'><strong><em>curetis,</em></strong></span> <span class='ocrx_word' id='word_1_156' title='bbox 384 2095 665 2165; x_wconf 77' lang='lat' dir='ltr'><strong><em>contradictores</em></strong></span> <span class='ocrx_word' id='word_1_157' title='bbox 687 2094 856 2189; x_wconf 89' lang='lat' dir='ltr'><strong><em>quoslibet</em></strong></span> <span class='ocrx_word' id='word_1_158' title='bbox 876 2104 911 2164; x_wconf 90' lang='lat' dir='ltr'><strong><em>et</em></strong></span> <span class='ocrx_word' id='word_1_159' title='bbox 931 2094 1089 2178; x_wconf 82' lang='lat' dir='ltr'><strong><em>rebelles,</em></strong></span> <span class='ocrx_word' id='word_1_160' title='bbox 1112 2097 1365 2188; x_wconf 87' lang='lat' dir='ltr'><strong><em>cuiuscumque</em></strong></span> <span class='ocrx_word' id='word_1_161' title='bbox 1391 2095 1596 2184; x_wconf 75' lang='lat' dir='ltr'><strong><em>dtqnitatis,</em></strong></span> <span class='ocrx_word' id='word_1_162' title='bbox 1627 2118 1713 2184; x_wconf 83' lang='lat' dir='ltr'><strong><em>qra-</em></strong></span> 
     </span>
     <span class='ocr_line' id='line_1_19' title="bbox 216 2209 1737 2303; baseline 0 -24"><span class='ocrx_word' id='word_1_163' title='bbox 216 2209 301 2296; x_wconf 87' lang='lat' dir='ltr'><strong><em>das,</em></strong></span> <span class='ocrx_word' id='word_1_164' title='bbox 324 2211 483 2296; x_wconf 78' lang='lat' dir='ltr'><strong><em>ordinis,</em></strong></span> <span class='ocrx_word' id='word_1_165' title='bbox 508 2211 563 2280; x_wconf 86' lang='lat' dir='ltr'><strong><em>vel</em></strong></span> <span class='ocrx_word' id='word_1_166' title='bbox 583 2210 796 2281; x_wconf 86' lang='lat' dir='ltr'><strong><em>conditionis</em></strong></span> <span class='ocrx_word' id='word_1_167' title='bbox 817 2211 983 2301; x_wconf 81' lang='lat' dir='ltr'><strong><em>fuerint,</em></strong></span> <span class='ocrx_word' id='word_1_168' title='bbox 1006 2212 1165 2281; x_wconf 87' lang='lat' dir='ltr'><strong><em>censuris</em></strong></span> <span class='ocrx_word' id='word_1_169' title='bbox 1183 2210 1441 2281; x_wconf 81' lang='lat' dir='ltr'><strong><em>Ecclesiasticis</em></strong></span> <span class='ocrx_word' id='word_1_170' title='bbox 1463 2221 1498 2281; x_wconf 88' lang='lat' dir='ltr'><strong><em>et</em></strong></span> <span class='ocrx_word' id='word_1_171' title='bbox 1512 2211 1596 2281; x_wconf 88' lang='lat' dir='ltr'><strong><em>aliis</em></strong></span> <span class='ocrx_word' id='word_1_172' title='bbox 1619 2213 1737 2303; x_wconf 72' lang='lat' dir='ltr'><strong><em>iuris</em></strong></span> 
     </span>
     <span class='ocr_line' id='line_1_20' title="bbox 218 2326 1714 2420; baseline 0.001 -26"><span class='ocrx_word' id='word_1_173' title='bbox 218 2326 389 2397; x_wconf 85' lang='lat' dir='ltr'><strong><em>remediis</em></strong></span> <span class='ocrx_word' id='word_1_174' title='bbox 423 2327 660 2420; x_wconf 84' lang='lat' dir='ltr'><strong><em>appellatione</em></strong></span> <span class='ocrx_word' id='word_1_175' title='bbox 692 2327 885 2420; x_wconf 86' lang='lat' dir='ltr'><strong><em>postposita</em></strong></span> <span class='ocrx_word' id='word_1_176' title='bbox 908 2328 1149 2419; x_wconf 75' lang='lat' dir='ltr'><strong><em>coriipescatis,</em></strong></span> <span class='ocrx_word' id='word_1_177' title='bbox 1185 2328 1342 2397; x_wconf 89' lang='lat' dir='ltr'><strong><em>invocato</em></strong></span> <span class='ocrx_word' id='word_1_178' title='bbox 1366 2328 1474 2398; x_wconf 87' lang='lat' dir='ltr'><strong><em>etiam</em></strong></span> <span class='ocrx_word' id='word_1_179' title='bbox 1498 2327 1549 2397; x_wconf 92' lang='lat' dir='ltr'><strong><em>ad</em></strong></span> <span class='ocrx_word' id='word_1_180' title='bbox 1579 2327 1657 2411; x_wconf 75' lang='lat' dir='ltr'><strong><em>leae,</em></strong></span> <span class='ocrx_word' id='word_1_181' title='bbox 1679 2329 1714 2395; x_wconf 90' lang='lat' dir='ltr'><strong><em>si</em></strong></span> 
     </span>
     <span class='ocr_line' id='line_1_21' title="bbox 215 2441 1707 2535; baseline 0 -23"><span class='ocrx_word' id='word_1_182' title='bbox 215 2464 303 2535; x_wconf 68' lang='lat' dir='ltr'><strong><em>optas</em></strong></span> <span class='ocrx_word' id='word_1_183' title='bbox 325 2443 465 2534; x_wconf 70' lang='lat' dir='ltr'><strong><em>siverit,</em></strong></span> <span class='ocrx_word' id='word_1_184' title='bbox 489 2442 629 2512; x_wconf 78' lang='lat' dir='ltr'><strong><em>aiiailio</em></strong></span> <span class='ocrx_word' id='word_1_185' title='bbox 652 2441 793 2513; x_wconf 87' lang='lat' dir='ltr'><strong><em>bracbii</em></strong></span> <span class='ocrx_word' id='word_1_186' title='bbox 811 2442 1028 2526; x_wconf 86' lang='lat' dir='ltr'><strong><em>saecularis,·</em></strong></span> <span class='ocrx_word' id='word_1_187' title='bbox 1051 2443 1265 2512; x_wconf 72' lang='lat' dir='ltr'><strong><em>incendamus</em></strong></span> <span class='ocrx_word' id='word_1_188' title='bbox 1295 2442 1432 2513; x_wconf 87' lang='lat' dir='ltr'><strong><em>dilectis</em></strong></span> <span class='ocrx_word' id='word_1_189' title='bbox 1455 2442 1491 2513; x_wconf 94' lang='lat' dir='ltr'><strong><em>F</em></strong></span> <span class='ocrx_word' id='word_1_190' title='bbox 1491 2443 1564 2512; x_wconf 88' lang='lat' dir='ltr'><strong><em>iliis</em></strong></span> <span class='ocrx_word' id='word_1_191' title='bbox 1586 2466 1707 2513; x_wconf 85' lang='lat' dir='ltr'><strong><em>oonsu-</em></strong></span> 
     </span>
     <span class='ocr_line' id='line_1_22' title="bbox 221 2557 1712 2652; baseline 0.002 -28"><span class='ocrx_word' id='word_1_192' title='bbox 221 2557 307 2627; x_wconf 86' lang='lat' dir='ltr'><strong><em>libus</em></strong></span> <span class='ocrx_word' id='word_1_193' title='bbox 329 2565 367 2627; x_wconf 88' lang='lat' dir='ltr'><strong><em>et</em></strong></span> <span class='ocrx_word' id='word_1_194' title='bbox 398 2559 636 2628; x_wconf 83' lang='lat' dir='ltr'><strong><em>universitati</em></strong></span> <span class='ocrx_word' id='word_1_195' title='bbox 654 2558 748 2628; x_wconf 80' lang='lat' dir='ltr'><strong><em>dieti</em></strong></span> <span class='ocrx_word' id='word_1_196' title='bbox 777 2559 921 2651; x_wconf 78' lang='lat' dir='ltr'><strong><em>oppidi,</em></strong></span> <span class='ocrx_word' id='word_1_197' title='bbox 945 2566 1117 2652; x_wconf 89' lang='lat' dir='ltr'><strong><em>quatenus</em></strong></span> <span class='ocrx_word' id='word_1_198' title='bbox 1151 2558 1246 2628; x_wconf 90' lang='lat' dir='ltr'><strong><em>vobis</em></strong></span> <span class='ocrx_word' id='word_1_199' title='bbox 1268 2560 1367 2628; x_wconf 87' lang='lat' dir='ltr'><strong><em>circa</em></strong></span> <span class='ocrx_word' id='word_1_200' title='bbox 1404 2559 1712 2650; x_wconf 79' lang='lat' dir='ltr'><strong><em>Reforrnationem</em></strong></span> 
     </span>
     <span class='ocr_line' id='line_1_23' title="bbox 215 2672 1714 2768; baseline 0.003 -27"><span class='ocrx_word' id='word_1_201' title='bbox 215 2672 376 2761; x_wconf 82' lang='lat' dir='ltr'><strong><em>fideliter</em></strong></span> <span class='ocrx_word' id='word_1_202' title='bbox 396 2675 581 2758; x_wconf 77' lang='lat' dir='ltr'><strong><em>assistant,</em></strong></span> <span class='ocrx_word' id='word_1_203' title='bbox 604 2697 714 2767; x_wconf 86' lang='lat' dir='ltr'><strong><em>snper</em></strong></span> <span class='ocrx_word' id='word_1_204' title='bbox 736 2698 827 2768; x_wconf 91' lang='lat' dir='ltr'><strong><em>quae</em></strong></span> <span class='ocrx_word' id='word_1_205' title='bbox 851 2674 949 2744; x_wconf 86' lang='lat' dir='ltr'><strong><em>illius</em></strong></span> <span class='ocrx_word' id='word_1_206' title='bbox 972 2675 1187 2745; x_wconf 80' lang='lat' dir='ltr'><strong><em>aicctoritate</em></strong></span> <span class='ocrx_word' id='word_1_207' title='bbox 1209 2682 1245 2743; x_wconf 83' lang='lat' dir='ltr'><strong><em>et</em></strong></span> <span class='ocrx_word' id='word_1_208' title='bbox 1269 2683 1387 2745; x_wconf 90' lang='lat' dir='ltr'><strong><em>tenore</em></strong></span> <span class='ocrx_word' id='word_1_209' title='bbox 1404 2675 1635 2767; x_wconf 89' lang='lat' dir='ltr'><strong><em>praedictam</em></strong></span> <span class='ocrx_word' id='word_1_210' title='bbox 1656 2677 1714 2767; x_wconf 81' lang='lat' dir='ltr'><strong><em>fa·</em></strong></span> 
     </span>
     <span class='ocr_line' id='line_1_24' title="bbox 220 2788 1716 2884; baseline 0.003 -29"><span class='ocrx_word' id='word_1_211' title='bbox 220 2788 386 2858; x_wconf 79' lang='lat' dir='ltr'><strong><em>atltatem</em></strong></span> <span class='ocrx_word' id='word_1_212' title='bbox 418 2790 659 2875; x_wconf 67' lang='lat' dir='ltr'><strong><em>concedimus,</em></strong></span> <span class='ocrx_word' id='word_1_213' title='bbox 687 2813 758 2860; x_wconf 93' lang='lat' dir='ltr'><strong><em>non</em></strong></span> <span class='ocrx_word' id='word_1_214' title='bbox 792 2790 1010 2862; x_wconf 85' lang='lat' dir='ltr'><strong><em>obstantibus</em></strong></span> <span class='ocrx_word' id='word_1_215' title='bbox 1043 2790 1306 2884; x_wconf 69' lang='lat' dir='ltr'><strong><em>quibuscunque</em></strong></span> <span class='ocrx_word' id='word_1_216' title='bbox 1339 2790 1649 2861; x_wconf 88' lang='lat' dir='ltr'><strong><em>constitutionibus</em></strong></span> <span class='ocrx_word' id='word_1_217' title='bbox 1680 2800 1716 2860; x_wconf 90' lang='lat' dir='ltr'><strong><em>et</em></strong></span> 
     </span>
     <span class='ocr_line' id='line_1_25' title="bbox 223 2902 1714 3000; baseline 0.003 -30"><span class='ocrx_word' id='word_1_218' title='bbox 223 2902 508 2974; x_wconf 76' lang='lat' dir='ltr'><strong><em>ordtuab&#39;ombus</em></strong></span> <span class='ocrx_word' id='word_1_219' title='bbox 530 2905 761 2997; x_wconf 87' lang='lat' dir='ltr'><strong><em>Apostolicis,</em></strong></span> <span class='ocrx_word' id='word_1_220' title='bbox 785 2930 827 2976; x_wconf 89' lang='lat' dir='ltr'><strong><em>ao</em></strong></span> <span class='ocrx_word' id='word_1_221' title='bbox 842 2906 936 2976; x_wconf 89' lang='lat' dir='ltr'><strong><em>dieti</em></strong></span> <span class='ocrx_word' id='word_1_222' title='bbox 960 2906 1108 2977; x_wconf 85' lang='lat' dir='ltr'><strong><em>Ordinis</em></strong></span> <span class='ocrx_word' id='word_1_223' title='bbox 1124 2905 1344 2991; x_wconf 89' lang='lat' dir='ltr'><strong><em>iuramenta,</em></strong></span> <span class='ocrx_word' id='word_1_224' title='bbox 1368 2905 1423 2974; x_wconf 87' lang='lat' dir='ltr'><strong><em>vel</em></strong></span> <span class='ocrx_word' id='word_1_225' title='bbox 1445 2906 1571 3000; x_wconf 90' lang='lat' dir='ltr'><strong><em>quavis</em></strong></span> <span class='ocrx_word' id='word_1_226' title='bbox 1593 2907 1714 2996; x_wconf 74' lang='lat' dir='ltr'><strong><em>firmi-</em></strong></span> 
     </span>
     <span class='ocr_line' id='line_1_26' title="bbox 226 3019 1714 3113; baseline 0.003 -28"><span class='ocrx_word' id='word_1_227' title='bbox 226 3023 292 3088; x_wconf 82' lang='lat' dir='ltr'><strong><em>tote</em></strong></span> <span class='ocrx_word' id='word_1_228' title='bbox 314 3019 390 3089; x_wconf 74' lang='lat' dir='ltr'><strong><em>olea</em></strong></span> <span class='ocrx_word' id='word_1_229' title='bbox 412 3019 590 3090; x_wconf 76' lang='lat' dir='ltr'><strong><em>roboratis</em></strong></span> <span class='ocrx_word' id='word_1_230' title='bbox 611 3022 758 3092; x_wconf 89' lang='lat' dir='ltr'><strong><em>statutis</em></strong></span> <span class='ocrx_word' id='word_1_231' title='bbox 780 3028 815 3091; x_wconf 92' lang='lat' dir='ltr'><strong><em>et</em></strong></span> <span class='ocrx_word' id='word_1_232' title='bbox 829 3021 1158 3105; x_wconf 88' lang='lat' dir='ltr'><strong><em>consuetudinibus,</em></strong></span> <span class='ocrx_word' id='word_1_233' title='bbox 1182 3044 1243 3091; x_wconf 91' lang='lat' dir='ltr'><strong><em>nec</em></strong></span> <span class='ocrx_word' id='word_1_234' title='bbox 1265 3045 1336 3091; x_wconf 93' lang='lat' dir='ltr'><strong><em>non</em></strong></span> <span class='ocrx_word' id='word_1_235' title='bbox 1346 3021 1571 3113; x_wconf 61' lang='lat' dir='ltr'><strong><em>piatatis,</em></strong></span> <span class='ocrx_word' id='word_1_236' title='bbox 1598 3020 1714 3090; x_wconf 90' lang='lat' dir='ltr'><strong><em>indul-</em></strong></span> 
     </span>
     <span class='ocr_line' id='line_1_27' title="bbox 224 3132 1715 3228; baseline 0.003 -29"><span class='ocrx_word' id='word_1_237' title='bbox 224 3132 282 3217; x_wconf 85' lang='lat' dir='ltr'><strong><em>tis,</em></strong></span> <span class='ocrx_word' id='word_1_238' title='bbox 304 3140 342 3203; x_wconf 86' lang='lat' dir='ltr'><strong><em>et</em></strong></span> <span class='ocrx_word' id='word_1_239' title='bbox 364 3133 481 3205; x_wconf 84' lang='lat' dir='ltr'><strong><em>literis</em></strong></span> <span class='ocrx_word' id='word_1_240' title='bbox 504 3136 731 3228; x_wconf 80' lang='lat' dir='ltr'><strong><em>Apostolccis,</em></strong></span> <span class='ocrx_word' id='word_1_241' title='bbox 755 3137 866 3206; x_wconf 82' lang='lat' dir='ltr'><strong><em>etiam</em></strong></span> <span class='ocrx_word' id='word_1_242' title='bbox 888 3136 931 3205; x_wconf 89' lang='lat' dir='ltr'><strong><em>de</em></strong></span> <span class='ocrx_word' id='word_1_243' title='bbox 946 3136 1137 3206; x_wconf 88' lang='lat' dir='ltr'><strong><em>concordia</em></strong></span> <span class='ocrx_word' id='word_1_244' title='bbox 1161 3138 1396 3228; x_wconf 82' lang='lat' dir='ltr'><strong><em>nuncupatis,</em></strong></span> <span class='ocrx_word' id='word_1_245' title='bbox 1416 3136 1606 3221; x_wconf 85' lang='lat' dir='ltr'><strong><em>Generali,</em></strong></span> <span class='ocrx_word' id='word_1_246' title='bbox 1624 3134 1715 3205; x_wconf 88' lang='lat' dir='ltr'><strong><em>Pro·</em></strong></span> 
     </span>
     <span class='ocr_line' id='line_1_28' title="bbox 223 3248 1716 3344; baseline 0.003 -28"><span class='ocrx_word' id='word_1_247' title='bbox 223 3248 387 3334; x_wconf 69' lang='lat' dir='ltr'><strong><em>venerati,</em></strong></span> <span class='ocrx_word' id='word_1_248' title='bbox 411 3258 449 3320; x_wconf 90' lang='lat' dir='ltr'><strong><em>et</em></strong></span> <span class='ocrx_word' id='word_1_249' title='bbox 468 3249 653 3321; x_wconf 76' lang='lat' dir='ltr'><strong><em>bienistm&#39;s</em></strong></span> <span class='ocrx_word' id='word_1_250' title='bbox 674 3276 715 3322; x_wconf 89' lang='lat' dir='ltr'><strong><em>ae</em></strong></span> <span class='ocrx_word' id='word_1_251' title='bbox 739 3251 936 3322; x_wconf 85' lang='lat' dir='ltr'><strong><em>Fratribus</em></strong></span> <span class='ocrx_word' id='word_1_252' title='bbox 965 3251 1258 3322; x_wconf 85' lang='lat' dir='ltr'><strong><em>Conventualibus</em></strong></span> <span class='ocrx_word' id='word_1_253' title='bbox 1274 3252 1475 3343; x_wconf 88' lang='lat' dir='ltr'><strong><em>praedictis</em></strong></span> <span class='ocrx_word' id='word_1_254' title='bbox 1495 3275 1563 3344; x_wconf 85' lang='lat' dir='ltr'><strong><em>per</em></strong></span> <span class='ocrx_word' id='word_1_255' title='bbox 1584 3252 1716 3321; x_wconf 79' lang='lat' dir='ltr'><strong><em>Rorna-</em></strong></span> 
     </span>
     <span class='ocr_line' id='line_1_29' title="bbox 223 3364 1715 3462; baseline 0.004 -29"><span class='ocrx_word' id='word_1_256' title='bbox 223 3386 279 3433; x_wconf 85' lang='lat' dir='ltr'><strong><em>nos</em></strong></span> <span class='ocrx_word' id='word_1_257' title='bbox 294 3364 501 3455; x_wconf 75' lang='lat' dir='ltr'><strong><em>Pontifices,</em></strong></span> <span class='ocrx_word' id='word_1_258' title='bbox 519 3365 809 3437; x_wconf 85' lang='lat' dir='ltr'><strong><em>Proedecessores</em></strong></span> <span class='ocrx_word' id='word_1_259' title='bbox 826 3367 992 3452; x_wconf 88' lang='lat' dir='ltr'><strong><em>Nostros,</em></strong></span> <span class='ocrx_word' id='word_1_260' title='bbox 1008 3375 1043 3436; x_wconf 91' lang='lat' dir='ltr'><strong><em>et</em></strong></span> <span class='ocrx_word' id='word_1_261' title='bbox 1065 3369 1176 3437; x_wconf 91' lang='lat' dir='ltr'><strong><em>etiam</em></strong></span> <span class='ocrx_word' id='word_1_262' title='bbox 1190 3389 1258 3459; x_wconf 88' lang='lat' dir='ltr'><strong><em>per</em></strong></span> <span class='ocrx_word' id='word_1_263' title='bbox 1280 3368 1356 3437; x_wconf 91' lang='lat' dir='ltr'><strong><em>Nos</em></strong></span> <span class='ocrx_word' id='word_1_264' title='bbox 1370 3368 1434 3438; x_wconf 89' lang='lat' dir='ltr'><strong><em>sub</em></strong></span> <span class='ocrx_word' id='word_1_265' title='bbox 1450 3367 1715 3462; x_wconf 79' lang='lat' dir='ltr'><strong><em>quibuscunque</em></strong></span> 
     </span>
     <span class='ocr_line' id='line_1_30' title="bbox 224 3481 1716 3577; baseline 0.002 -28"><span class='ocrx_word' id='word_1_266' title='bbox 224 3481 399 3551; x_wconf 73' lang='lat' dir='ltr'><strong><em>lenmibus</em></strong></span> <span class='ocrx_word' id='word_1_267' title='bbox 429 3483 596 3552; x_wconf 87' lang='lat' dir='ltr'><strong><em>concessis</em></strong></span> <span class='ocrx_word' id='word_1_268' title='bbox 626 3491 661 3552; x_wconf 89' lang='lat' dir='ltr'><strong><em>et</em></strong></span> <span class='ocrx_word' id='word_1_269' title='bbox 682 3485 930 3574; x_wconf 76' lang='lat' dir='ltr'><strong><em>confirmatis,</em></strong></span> <span class='ocrx_word' id='word_1_270' title='bbox 961 3508 1003 3555; x_wconf 91' lang='lat' dir='ltr'><strong><em>ae</em></strong></span> <span class='ocrx_word' id='word_1_271' title='bbox 1042 3485 1079 3553; x_wconf 89' lang='lat' dir='ltr'><strong><em>in</em></strong></span> <span class='ocrx_word' id='word_1_272' title='bbox 1109 3482 1273 3577; x_wconf 83' lang='lat' dir='ltr'><strong><em>Capitulo</em></strong></span> <span class='ocrx_word' id='word_1_273' title='bbox 1301 3483 1578 3554; x_wconf 69' lang='lat' dir='ltr'><strong><em>(damnatissima</em></strong></span> <span class='ocrx_word' id='word_1_274' title='bbox 1603 3485 1716 3576; x_wconf 80' lang='lat' dir='ltr'><strong><em>ipsius</em></strong></span> 
     </span>
     <span class='ocr_line' id='line_1_31' title="bbox 228 3594 1714 3691; baseline 0.002 -26"><span class='ocrx_word' id='word_1_275' title='bbox 228 3594 390 3682; x_wconf 79' lang='lat' dir='ltr'><strong><em>Ordinis,</em></strong></span> <span class='ocrx_word' id='word_1_276' title='bbox 416 3597 455 3667; x_wconf 89' lang='lat' dir='ltr'><strong><em>in</em></strong></span> <span class='ocrx_word' id='word_1_277' title='bbox 471 3597 560 3668; x_wconf 91' lang='lat' dir='ltr'><strong><em>urbe</em></strong></span> <span class='ocrx_word' id='word_1_278' title='bbox 581 3597 752 3669; x_wconf 90' lang='lat' dir='ltr'><strong><em>celebrato</em></strong></span> <span class='ocrx_word' id='word_1_279' title='bbox 768 3601 961 3684; x_wconf 72' lang='lat' dir='ltr'><strong><em>manetis,</em></strong></span> <span class='ocrx_word' id='word_1_280' title='bbox 984 3600 1130 3670; x_wconf 87' lang='lat' dir='ltr'><strong><em>etiamsi</em></strong></span> <span class='ocrx_word' id='word_1_281' title='bbox 1150 3599 1189 3667; x_wconf 91' lang='lat' dir='ltr'><strong><em>in</em></strong></span> <span class='ocrx_word' id='word_1_282' title='bbox 1213 3599 1283 3669; x_wconf 89' lang='lat' dir='ltr'><strong><em>illis</em></strong></span> <span class='ocrx_word' id='word_1_283' title='bbox 1308 3605 1512 3668; x_wconf 86' lang='lat' dir='ltr'><strong><em>moveretur</em></strong></span> <span class='ocrx_word' id='word_1_284' title='bbox 1534 3621 1714 3691; x_wconf 76' lang='lat' dir='ltr'><strong><em>cupresso,</em></strong></span> 
     </span>
     <span class='ocr_line' id='line_1_32' title="bbox 224 3712 1716 3803; baseline 0.001 -20"><span class='ocrx_word' id='word_1_285' title='bbox 224 3713 313 3803; x_wconf 84' lang='lat' dir='ltr'><strong><em>qnod</em></strong></span> <span class='ocrx_word' id='word_1_286' title='bbox 344 3712 499 3785; x_wconf 82' lang='lat' dir='ltr'><strong><em>Fratres</em></strong></span> <span class='ocrx_word' id='word_1_287' title='bbox 540 3714 791 3786; x_wconf 80' lang='lat' dir='ltr'><strong><em>Convemuales</em></strong></span> <span class='ocrx_word' id='word_1_288' title='bbox 824 3738 942 3785; x_wconf 88' lang='lat' dir='ltr'><strong><em>omnes</em></strong></span> <span class='ocrx_word' id='word_1_289' title='bbox 978 3716 1112 3786; x_wconf 80' lang='lat' dir='ltr'><strong><em>Doriim</em></strong></span> <span class='ocrx_word' id='word_1_290' title='bbox 1147 3724 1183 3785; x_wconf 91' lang='lat' dir='ltr'><strong><em>et</em></strong></span> <span class='ocrx_word' id='word_1_291' title='bbox 1223 3713 1419 3785; x_wconf 82' lang='lat' dir='ltr'><strong><em>Conventus</em></strong></span> <span class='ocrx_word' id='word_1_292' title='bbox 1452 3713 1716 3785; x_wconf 77' lang='lat' dir='ltr'><strong><em>habitationum</em></strong></span> 
     </span>
     <span class='ocr_line' id='line_1_33' title="bbox 224 3830 1717 3924; baseline 0.003 -29"><span class='ocrx_word' id='word_1_293' title='bbox 224 3849 389 3914; x_wconf 86' lang='lat' dir='ltr'><strong><em>suarum,</em></strong></span> <span class='ocrx_word' id='word_1_294' title='bbox 413 3853 497 3923; x_wconf 90' lang='lat' dir='ltr'><strong><em>quos</em></strong></span> <span class='ocrx_word' id='word_1_295' title='bbox 529 3838 611 3901; x_wconf 89' lang='lat' dir='ltr'><strong><em>tnnc</em></strong></span> <span class='ocrx_word' id='word_1_296' title='bbox 636 3830 884 3923; x_wconf 82' lang='lat' dir='ltr'><strong><em>possidebant,</em></strong></span> <span class='ocrx_word' id='word_1_297' title='bbox 909 3841 1084 3923; x_wconf 88' lang='lat' dir='ltr'><strong><em>perpetuo</em></strong></span> <span class='ocrx_word' id='word_1_298' title='bbox 1110 3840 1249 3917; x_wconf 89' lang='lat' dir='ltr'><strong><em>tenere,</em></strong></span> <span class='ocrx_word' id='word_1_299' title='bbox 1281 3839 1317 3899; x_wconf 92' lang='lat' dir='ltr'><strong><em>et</em></strong></span> <span class='ocrx_word' id='word_1_300' title='bbox 1341 3831 1525 3923; x_wconf 84' lang='lat' dir='ltr'><strong><em>possidere</em></strong></span> <span class='ocrx_word' id='word_1_301' title='bbox 1556 3832 1593 3899; x_wconf 90' lang='lat' dir='ltr'><strong><em>in</em></strong></span> <span class='ocrx_word' id='word_1_302' title='bbox 1616 3834 1717 3924; x_wconf 80' lang='lat' dir='ltr'><strong><em>futu·</em></strong></span> 
     </span>
     <span class='ocr_line' id='line_1_34' title="bbox 225 3943 1716 4040; baseline 0.002 -27"><span class='ocrx_word' id='word_1_303' title='bbox 225 3966 323 4031; x_wconf 87' lang='lat' dir='ltr'><strong><em>rum,</em></strong></span> <span class='ocrx_word' id='word_1_304' title='bbox 346 3953 386 4016; x_wconf 88' lang='lat' dir='ltr'><strong><em>et</em></strong></span> <span class='ocrx_word' id='word_1_305' title='bbox 404 3945 498 4036; x_wconf 89' lang='lat' dir='ltr'><strong><em>qnod</em></strong></span> <span class='ocrx_word' id='word_1_306' title='bbox 519 3943 672 4017; x_wconf 86' lang='lat' dir='ltr'><strong><em>Fratres</em></strong></span> <span class='ocrx_word' id='word_1_307' title='bbox 695 3945 738 4015; x_wconf 86' lang='lat' dir='ltr'><strong><em>de</em></strong></span> <span class='ocrx_word' id='word_1_308' title='bbox 766 3945 1000 4017; x_wconf 83' lang='lat' dir='ltr'><strong><em>Obseruantia</em></strong></span> <span class='ocrx_word' id='word_1_309' title='bbox 1022 3971 1045 4017; x_wconf 93' lang='lat' dir='ltr'><strong><em>a</em></strong></span> <span class='ocrx_word' id='word_1_310' title='bbox 1066 3949 1265 4040; x_wconf 88' lang='lat' dir='ltr'><strong><em>receptione</em></strong></span> <span class='ocrx_word' id='word_1_311' title='bbox 1288 3948 1486 4017; x_wconf 91' lang='lat' dir='ltr'><strong><em>Domorum</em></strong></span> <span class='ocrx_word' id='word_1_312' title='bbox 1502 3954 1538 4017; x_wconf 93' lang='lat' dir='ltr'><strong><em>et</em></strong></span> <span class='ocrx_word' id='word_1_313' title='bbox 1560 3946 1716 4017; x_wconf 79' lang='lat' dir='ltr'><strong><em>locantem</em></strong></span> 
     </span>
     <span class='ocr_line' id='line_1_35' title="bbox 226 4057 1717 4155; baseline 0.001 -29"><span class='ocrx_word' id='word_1_314' title='bbox 226 4057 428 4130; x_wconf 83' lang='lat' dir='ltr'><strong><em>buiusmodi</em></strong></span> <span class='ocrx_word' id='word_1_315' title='bbox 458 4059 523 4130; x_wconf 89' lang='lat' dir='ltr'><strong><em>snb</em></strong></span> <span class='ocrx_word' id='word_1_316' title='bbox 554 4082 674 4153; x_wconf 90' lang='lat' dir='ltr'><strong><em>poena</em></strong></span> <span class='ocrx_word' id='word_1_317' title='bbox 708 4060 1100 4131; x_wconf 75' lang='lat' dir='ltr'><strong><em>Eveomumnicationis</em></strong></span> <span class='ocrx_word' id='word_1_318' title='bbox 1138 4063 1282 4132; x_wconf 80' lang='lat' dir='ltr'><strong><em>oninino</em></strong></span> <span class='ocrx_word' id='word_1_319' title='bbox 1316 4063 1555 4146; x_wconf 88' lang='lat' dir='ltr'><strong><em>abstinerent,</em></strong></span> <span class='ocrx_word' id='word_1_320' title='bbox 1590 4061 1717 4155; x_wconf 78' lang='lat' dir='ltr'><strong><em>quibus</em></strong></span> 
     </span>
     <span class='ocr_line' id='line_1_36' title="bbox 228 4175 1717 4270; baseline 0.001 -26"><span class='ocrx_word' id='word_1_321' title='bbox 228 4176 384 4246; x_wconf 78' lang='lat' dir='ltr'><strong><em>omnibus</em></strong></span> <span class='ocrx_word' id='word_1_322' title='bbox 419 4175 563 4246; x_wconf 89' lang='lat' dir='ltr'><strong><em>illorum</em></strong></span> <span class='ocrx_word' id='word_1_323' title='bbox 599 4183 754 4263; x_wconf 88' lang='lat' dir='ltr'><strong><em>tenores,</em></strong></span> <span class='ocrx_word' id='word_1_324' title='bbox 784 4201 824 4247; x_wconf 86' lang='lat' dir='ltr'><strong><em>ac</em></strong></span> <span class='ocrx_word' id='word_1_325' title='bbox 858 4178 891 4246; x_wconf 89' lang='lat' dir='ltr'><strong><em>si</em></strong></span> <span class='ocrx_word' id='word_1_326' title='bbox 924 4176 968 4247; x_wconf 91' lang='lat' dir='ltr'><strong><em>de</em></strong></span> <span class='ocrx_word' id='word_1_327' title='bbox 1000 4177 1104 4247; x_wconf 87' lang='lat' dir='ltr'><strong><em>verbo</em></strong></span> <span class='ocrx_word' id='word_1_328' title='bbox 1139 4178 1189 4248; x_wconf 78' lang='lat' dir='ltr'><strong><em>ael</em></strong></span> <span class='ocrx_word' id='word_1_329' title='bbox 1220 4178 1368 4248; x_wconf 89' lang='lat' dir='ltr'><strong><em>verbum</em></strong></span> <span class='ocrx_word' id='word_1_330' title='bbox 1402 4180 1717 4270; x_wconf 71' lang='lat' dir='ltr'><strong><em>exprimerentur,</em></strong></span> 
     </span>
     <span class='ocr_line' id='line_1_37' title="bbox 224 4289 1720 4385; baseline -0.001 -24"><span class='ocrx_word' id='word_1_331' title='bbox 224 4289 465 4378; x_wconf 76' lang='lat' dir='ltr'><strong><em>praesentibus</em></strong></span> <span class='ocrx_word' id='word_1_332' title='bbox 490 4313 562 4383; x_wconf 86' lang='lat' dir='ltr'><strong><em>pro</em></strong></span> <span class='ocrx_word' id='word_1_333' title='bbox 585 4293 763 4383; x_wconf 74' lang='lat' dir='ltr'><strong><em>expressis</em></strong></span> <span class='ocrx_word' id='word_1_334' title='bbox 795 4292 978 4377; x_wconf 86' lang='lat' dir='ltr'><strong><em>babentes,</em></strong></span> <span class='ocrx_word' id='word_1_335' title='bbox 1012 4292 1080 4362; x_wconf 90' lang='lat' dir='ltr'><strong><em>bac</em></strong></span> <span class='ocrx_word' id='word_1_336' title='bbox 1114 4293 1190 4362; x_wconf 89' lang='lat' dir='ltr'><strong><em>vioe</em></strong></span> <span class='ocrx_word' id='word_1_337' title='bbox 1221 4293 1419 4364; x_wconf 81' lang='lat' dir='ltr'><strong><em>dian&#39;tanat</em></strong></span> <span class='ocrx_word' id='word_1_338' title='bbox 1449 4292 1651 4385; x_wconf 87' lang='lat' dir='ltr'><strong><em>specialiter</em></strong></span> <span class='ocrx_word' id='word_1_339' title='bbox 1684 4299 1720 4361; x_wconf 91' lang='lat' dir='ltr'><strong><em>et</em></strong></span> 
     </span>
     <span class='ocr_line' id='line_1_38' title="bbox 230 4404 1720 4500; baseline 0.001 -25"><span class='ocrx_word' id='word_1_340' title='bbox 230 4424 386 4496; x_wconf 75' lang='lat' dir='ltr'><strong><em>apresse</em></strong></span> <span class='ocrx_word' id='word_1_341' title='bbox 407 4404 638 4498; x_wconf 81' lang='lat' dir='ltr'><strong><em>deroqamns,</em></strong></span> <span class='ocrx_word' id='word_1_342' title='bbox 662 4431 724 4477; x_wconf 87' lang='lat' dir='ltr'><strong><em>nee</em></strong></span> <span class='ocrx_word' id='word_1_343' title='bbox 746 4430 817 4477; x_wconf 92' lang='lat' dir='ltr'><strong><em>non</em></strong></span> <span class='ocrx_word' id='word_1_344' title='bbox 841 4408 1004 4478; x_wconf 84' lang='lat' dir='ltr'><strong><em>comibus</em></strong></span> <span class='ocrx_word' id='word_1_345' title='bbox 1026 4409 1363 4478; x_wconf 87' lang='lat' dir='ltr'><strong><em>contradictionibus</em></strong></span> <span class='ocrx_word' id='word_1_346' title='bbox 1387 4430 1455 4499; x_wconf 87' lang='lat' dir='ltr'><strong><em>per</em></strong></span> <span class='ocrx_word' id='word_1_347' title='bbox 1477 4430 1553 4490; x_wconf 90' lang='lat' dir='ltr'><strong><em>eos,</em></strong></span> <span class='ocrx_word' id='word_1_348' title='bbox 1576 4407 1642 4500; x_wconf 89' lang='lat' dir='ltr'><strong><em>qni</em></strong></span> <span class='ocrx_word' id='word_1_349' title='bbox 1662 4431 1720 4476; x_wconf 89' lang='lat' dir='ltr'><strong><em>rc-</em></strong></span> 
     </span>
     <span class='ocr_line' id='line_1_39' title="bbox 231 4515 1718 4617; baseline 0.005 -33"><span class='ocrx_word' id='word_1_350' title='bbox 231 4515 317 4589; x_wconf 88' lang='lat' dir='ltr'><strong><em>ditus</em></strong></span> <span class='ocrx_word' id='word_1_351' title='bbox 339 4528 375 4590; x_wconf 91' lang='lat' dir='ltr'><strong><em>et</em></strong></span> <span class='ocrx_word' id='word_1_352' title='bbox 396 4518 487 4590; x_wconf 87' lang='lat' dir='ltr'><strong><em>bona</em></strong></span> <span class='ocrx_word' id='word_1_353' title='bbox 509 4521 625 4591; x_wconf 78' lang='lat' dir='ltr'><strong><em>eidem</em></strong></span> <span class='ocrx_word' id='word_1_354' title='bbox 648 4522 782 4592; x_wconf 56' lang='lat' dir='ltr'><strong><em>miuus</em></strong></span> <span class='ocrx_word' id='word_1_355' title='bbox 804 4523 1031 4617; x_wconf 87' lang='lat' dir='ltr'><strong><em>reliquerant</em></strong></span> <span class='ocrx_word' id='word_1_356' title='bbox 1050 4547 1111 4593; x_wconf 91' lang='lat' dir='ltr'><strong><em>seu</em></strong></span> <span class='ocrx_word' id='word_1_357' title='bbox 1132 4523 1335 4609; x_wconf 86' lang='lat' dir='ltr'><strong><em>donarunt,</em></strong></span> <span class='ocrx_word' id='word_1_358' title='bbox 1366 4532 1431 4593; x_wconf 75' lang='lat' dir='ltr'><strong><em>ortt</em></strong></span> <span class='ocrx_word' id='word_1_359' title='bbox 1454 4524 1616 4615; x_wconf 80' lang='lat' dir='ltr'><strong><em>ipsorum</em></strong></span> <span class='ocrx_word' id='word_1_360' title='bbox 1638 4524 1718 4593; x_wconf 89' lang='lat' dir='ltr'><strong><em>bae-</em></strong></span> 
     </span>
     <span class='ocr_line' id='line_1_40' title="bbox 234 4635 1420 4734; baseline 0.002 -28"><span class='ocrx_word' id='word_1_361' title='bbox 234 4635 322 4706; x_wconf 78' lang='lat' dir='ltr'><strong><em>redes</em></strong></span> <span class='ocrx_word' id='word_1_362' title='bbox 343 4638 472 4727; x_wconf 76' lang='lat' dir='ltr'><strong><em>forsan</em></strong></span> <span class='ocrx_word' id='word_1_363' title='bbox 494 4637 692 4728; x_wconf 65' lang='lat' dir='ltr'><strong><em>fatendis,</em></strong></span> <span class='ocrx_word' id='word_1_364' title='bbox 716 4639 909 4733; x_wconf 77' lang='lat' dir='ltr'><strong><em>ceterisque</em></strong></span> <span class='ocrx_word' id='word_1_365' title='bbox 930 4640 1125 4710; x_wconf 87' lang='lat' dir='ltr'><strong><em>contrariis</em></strong></span> <span class='ocrx_word' id='word_1_366' title='bbox 1148 4639 1420 4734; x_wconf 88' lang='lat' dir='ltr'><strong><em>quibuscunque.</em></strong></span> 
     </span>
    </p>
   </div>
   <div class='ocr_carea' id='block_1_3' title="bbox 239 4923 1717 5089">
    <p class='ocr_par' dir='ltr' id='par_1_3' title="bbox 239 4923 1717 5089">
     <span class='ocr_line' id='line_1_41' title="bbox 329 4923 1717 4993; baseline 0.001 -15"><span class='ocrx_word' id='word_1_367' title='bbox 329 4924 338 4960; x_wconf 90' lang='lat'>¹</span> <span class='ocrx_word' id='word_1_368' title='bbox 359 4925 492 4992; x_wconf 81' lang='lat' dir='ltr'><strong><em>Tempore</em></strong></span> <span class='ocrx_word' id='word_1_369' title='bbox 510 4924 597 4978; x_wconf 82' lang='lat' dir='ltr'><strong><em>Bulloo</em></strong></span> <span class='ocrx_word' id='word_1_370' title='bbox 614 4923 689 4979; x_wconf 77' lang='lat' dir='ltr'><strong><em>dolce</em></strong></span> <span class='ocrx_word' id='word_1_371' title='bbox 708 4939 805 4979; x_wconf 88' lang='lat' dir='ltr'><strong><em>munus</em></strong></span> <span class='ocrx_word' id='word_1_372' title='bbox 824 4926 929 4980; x_wconf 75' lang='lat' dir='ltr'><strong><em>Ministri</em></strong></span> <span class='ocrx_word' id='word_1_373' title='bbox 948 4927 1080 4979; x_wconf 75' lang='lat' dir='ltr'><strong><em>Graeculis</em></strong></span> <span class='ocrx_word' id='word_1_374' title='bbox 1092 4926 1266 4980; x_wconf 71' lang='lat' dir='ltr'><strong><em>llornardtnus</em></strong></span> <span class='ocrx_word' id='word_1_375' title='bbox 1285 4926 1319 4978; x_wconf 84' lang='lat' dir='ltr'><strong><em>de</em></strong></span> <span class='ocrx_word' id='word_1_376' title='bbox 1337 4926 1430 4993; x_wconf 75' lang='lat' dir='ltr'><strong><em>brutis,</em></strong></span> <span class='ocrx_word' id='word_1_377' title='bbox 1449 4930 1474 4978; x_wconf 83' lang='lat' dir='ltr'><strong><em>et</em></strong></span> <span class='ocrx_word' id='word_1_378' title='bbox 1487 4926 1593 4979; x_wconf 81' lang='lat' dir='ltr'><strong><em>Ministri</em></strong></span> <span class='ocrx_word' id='word_1_379' title='bbox 1613 4926 1717 4979; x_wconf 71' lang='lat' dir='ltr'><strong><em>Provin-</em></strong></span> 
     </span>
     <span class='ocr_line' id='line_1_42' title="bbox 239 5018 1072 5089; baseline 0.005 -18"><span class='ocrx_word' id='word_1_380' title='bbox 239 5018 295 5073; x_wconf 72' lang='lat' dir='ltr'><strong><em>rubs</em></strong></span> <span class='ocrx_word' id='word_1_381' title='bbox 311 5027 396 5076; x_wconf 78' lang='lat' dir='ltr'><strong><em>Austr.</em></strong></span> <span class='ocrx_word' id='word_1_382' title='bbox 416 5021 634 5077; x_wconf 77' lang='lat' dir='ltr'><strong><em>Conventuattum</em></strong></span> <span class='ocrx_word' id='word_1_383' title='bbox 654 5023 836 5078; x_wconf 75' lang='lat' dir='ltr'><strong><em>&#39;theodoricus</em></strong></span> <span class='ocrx_word' id='word_1_384' title='bbox 853 5025 966 5078; x_wconf 80' lang='lat' dir='ltr'><strong><em>Kramor</em></strong></span> <span class='ocrx_word' id='word_1_385' title='bbox 985 5027 1072 5089; x_wconf 76' lang='lat' dir='ltr'><strong><em>gessit.</em></strong></span> 
     </span>
    </p>
   </div>
   <div class='ocr_carea' id='block_1_4' title="bbox 0 0 1893 6082">
    <p class='ocr_par' dir='ltr' id='par_1_4' title="bbox 0 0 1893 6082">
     <span class='ocr_line' id='line_1_43' title="bbox 0 0 1893 6082; baseline 0 0"><span class='ocrx_word' id='word_1_386' title='bbox 0 0 1893 6082; x_wconf 95' lang='lat' dir='ltr'><strong><em> </em></strong></span> 
     </span>
    </p>
   </div>
  </div>
 </body>
</html>
