3750 6082
184 398 253 469 &il
830 418 1032 471 crraourcoa

185 542 313 630 silium,
339 566 361 612 a
385 542 427 612 Ρ.
452 539 766 628 Isidoro'Krisznl
787 541 1016 611 l·¹rarrciscan‹.›
1044 564 1106 612 suo
1129 564 1184 610 an.
1213 541 1300 611 litat
1323 541 1539 612 confessario
1553 545 1573 627 ¹,
1591 565 1643 634 sup·

183 667 329 750 gestum,
354 658 480 728 Μανία
503 672 536 729 et
562 659 703 747 Rapina
727 658 933 748 Pfau’nem'u
960 657 1094 757 puellas
1116 658 1151 727 in
1173 658 1330 728 doctrina
1346 658 1546 728 Christiana
1566 667 1593 728 et
1610 659 1646 728 la·

186 776 325 848 boribus
348 775 498 845 honestis
521 754 691 845 instruere
713 782 900 866 coeperunt
922 782 957 844 et
980 797 1034 844 arr.
1063 774 1142 845 1751
1170 774 1225 844 die
1251 772 1305 844 28.
1331 774 1482 845 Ianuarii
1500 773 1530 843 in
1551 773 1644 844 eadem
1729 780 1731 784 ‘

185 893 285 964 domo
309 893 490 984 Capacinis
512 892 806 985 appropinquante
831 891 975 979 locatae,
1005 891 1176 984 hocopus
1207 892 1460 978 continuarunt,
1485 891 1649 962 assistentia

186 1008 381 1103 Episcopali
405 1015 525 1079 contra
550 1008 664 1079 hostes
687 1014 850 1078 munitae.
869 1008 994 1079 Μανία
1018 1017 1134 1079 nostra
1151 1008 1359 1103 pauperibus
1376 1009 1475 1079 iuxta
1498 1010 1648 1078 viressue·

185 1127 303 1212 currit,
328 1148 350 1194 a
374 1127 409 1196 S.
433 1127 534 1195 iluna
558 1131 588 1194 ci
613 1126 748 1218 saepius
772 1133 968 1217 apparente,
994 1124 1094 1219 plura
1109 1125 1246 1197 altioris
1269 1125 1411 1196 Ordinis
1428 1125 1540 1195 hausit
1559 1123 1645 1193 etali-

186 1240 323 1332 quando
339 1240 611 1333 flagrantissima
633 1240 763 1312 corolla
777 1241 899 1312 tiorum
916 1240 1077 1319 redimita
1095 1242 1170 1311 suit.
1185 1227 1348 1311 Animam
1365 1239 1537 1332 quandam
1549 1261 1646 1332 purga·

187 1358 266 1429 terii
294 1358 572 1452 peregrinatione
603 1358 819 1427 Treasz'um²
838 1359 1003 1444 instituta,
1028 1357 1163 1429 etalias
1178 1359 1299 1429 crebro
1321 1358 1351 1428 ei
1368 1381 1407 1430 se
1423 1359 1578 1429 sistentes
1597 1355 1645 1426 alia

187 1474 254 1562 via,
279 1497 300 1543 a
325 1472 558 1566 piacularibus
581 1473 731 1544 flammis
755 1473 950 1544 vindicavit.
975 1474 1066 1545 Luce
1089 1474 1347 1568 supernaturali
1385 1475 1526 1562 imbuta,
1548 1482 1648 1544 statum

186 1575 464 1683 pulcherrimum
483 1590 619 1661 animae
643 1591 676 1659 in
699 1590 816 1681 gratia
839 1590 1048 1662 constitutae
1073 1614 1113 1661 ae
1137 1591 1356 1662 teterrimum
1381 1591 1654 1684 animaepeceatu

187 1688 287 1795 gravi
312 1706 498 1796 obnoxiae3
521 1714 650 1776 statum
675 1729 895 1800 personarum
919 1731 963 1777 ex
991 1707 1057 1778 hac
1081 1708 1154 1777 vita
1178 1707 1392 1778 sublatarum
1428 1731 1470 1778 ac
1505 1707 1658 1779 Ecclesiae

188 1820 342 1913 aliosque
366 1830 508 1893 eventus
530 1822 682 1914 agnovit.
708 1822 769 1893 SS.
796 1823 1031 1895 l'oeniteatiae
1047 1832 1081 1893 et
1097 1823 1340 1894 Eucharistiae
1365 1826 1593 1896 Sacramenta
1607 1847 1665 1896 sus·

187 1937 313 2030 cipiens
337 1938 471 2009 maduit
487 1938 665 2031 lacrymis3
682 1948 922 2039 paupertatem
947 1963 1008 2032 pro
1032 1939 1145 2032 lapide
1164 1939 1417 2012 fundamentali
1442 1941 1574 2012 Domus
1599 1962 1671 2012 suae

188 2053 378 2146 Regularis
400 2062 541 2141 statuit,
566 2054 611 2126 ad
630 2055 717 2125 festa
733 2055 907 2126 Natalitia
931 2057 1083 2126 animam
1107 2078 1205 2126 suam
1229 2057 1356 2126 strictis
1376 2056 1513 2127 ieiuniis
1535 2080 1577 2127 ac
1595 2080 1677 2128 mor·

187 2169 438 2256 tifieationibus
463 2194 523 2241 nec
542 2193 605 2242 non
624 2170 765 2241 fervidis
780 2171 929 2242 aliarum
946 2173 1113 2242 virtutum
1129 2172 1303 2243 exercitiis
1324 2171 1487 2261 excoluit,
1505 2183 1541 2243 et
1555 2172 1592 2243 S.
1610 2174 1679 2266 Spi-

155 2303 158 2309 ’
189 2287 293 2356 ritum
319 2287 352 2356 in
376 2287 486 2381 specie
509 2288 687 2359 columbae
718 2288 820 2358 albae
843 2294 937 2359 circa
967 2300 1070 2381 caput
1093 2310 1193 2359 suum
1208 2287 1546 2385 circumvolantem,
1573 2290 1684 2360 obser·

189 2404 296 2473 ravit
320 2403 451 2475 liltimo
485 2405 578 2475 vitae
602 2429 692 2477 anno
717 2407 849 2476 intensa
883 2406 1023 2498 spiritus
1045 2405 1208 2476 ariditate
1240 2405 1404 2493 cruciata,
1436 2407 1561 2476 crebro
1599 2407 1686 2498 igni·

188 2544 290 2591 voma
310 2522 456 2615 suspiria
479 2546 540 2616 pro
563 2521 783 2594 dissolutione
802 2523 851 2593 sui
877 2523 1027 2623 corperis
1044 2522 1089 2592 ad
1105 2523 1237 2593 coelum
1263 2522 1352 2592 misit
1374 2532 1410 2592 et
1426 2521 1551 2594 ultimo
1571 2525 1690 2594 morlo

188 2646 347 2731 correpta
364 2638 425 2709 SS.
451 2639 666 2710 morientium
685 2640 912 2710 Sacramenta
935 2638 1156 2710 devotissime
1172 2644 1329 2731 suscepit.
1351 2638 1388 2708 ln
1406 2637 1529 2708 ultimo
1552 2639 1689 2709 assultu

189 2765 242 2825 sat
267 2756 368 2848 gravi
385 2766 421 2827 et
437 2757 569 2850 prolixo
584 2757 785 2827 daemonem
810 2779 975 2847 generose
991 2756 1135 2839 devicit,
1161 2764 1195 2826 et
1212 2756 1362 2826 nomina:
1382 2754 1480 2825 lesus
1504 2762 1541 2825 et
1559 2755 1690 2825 Μανία

190 2872 413 2965 pronuntians
437 2873 540 2943 hilari
564 2873 663 2944 vultu
687 2896 741 2943 an.
768 2872 855 2943 1705
871 2873 925 2944 die
940 2872 994 2942 31.
1020 2872 1096 2942 Iulii
1120 2872 1176 2943 die
1197 2872 1341 2942 Veneris
1365 2870 1451 2943 liora
1466 2871 1500 2941 9.
1526 2873 1690 2964 spiritum

189 3012 288 3059 sunm
313 2990 469 3059 Creatori
495 2990 656 3060 reddidit.
673 2976 804 3083 Corpus
828 2998 903 3084 pust
928 2998 1073 3062 mortem
1093 2970 1258 3061 maiorem
1275 2987 1572 3080 pulchritudinem
1592 3014 1694 3083 prae

189 3105 349 3190 seferens,
374 3128 553 3176 animuum
579 3129 747 3198 spargens
770 3106 907 3178 odorem
933 3129 973 3176 ac
1008 3129 1030 3176 a
1052 3105 1194 3199 copiosis
1218 3105 1394 3196 utriusque
1430 3114 1545 3176 status
1569 3130 1693 3200 perso-

189 3222 241 3292 nis
265 3222 450 3308 visitatum,
477 3219 704 3313 magnacum
730 3246 853 3314 pompa
878 3224 911 3294 iu
935 3246 1042 3316 parvo
1066 3222 1279 3293 Coemeterio
1312 3221 1546 3291 Clarissarum
1580 3245 1694 3318 supra

191 3338 368 3430 Capellam
397 3339 433 3409 l).
460 3340 594 3410 loannis
618 3339 702 3409 Nasi
727 3340 859 3409 tumulo
883 3339 1019 3409 illatum
1044 3342 1127 3409 estt

277 3455 354 3525 367.
381 3455 513 3526 Nobilis
540 3456 578 3525 b.
604 3455 757 3526 Mr'eluml
780 3456 912 3541 Dr'nssl,
942 3455 1125 3539 luticensis
1151 3461 1250 3546 pater
1284 3475 1485 3547 pauperum,
1516 3454 1688 3546 specialis

191 3570 377 3640 Maecenas
400 3572 721 3659 l⁴'raneiscanor·urn,
745 3572 938 3642 Conventus
954 3571 1140 3641 Intt'eensis
1163 3569 1567 3655 l⁴¹u11dator,'lert.iarirrs
1585 3571 1694 3640 Sera-

192 3687 312 3779 pliicns
328 3687 509 3779 piissimae,
528 3689 582 3757 vir
600 3687 845 3779 integerrimae
862 3688 964 3773 vitae,
981 3687 1120 3758 sedulus
1136 3686 1242 3756 Verbi
1260 3685 1322 3756 Dei
1342 3685 1489 3772 auditor,
1506 3685 1694 3758 devotissi-

192 3826 267 3871 mus
288 3803 398 3872 eultor
416 3803 477 3873 SS.
496 3804 709 3873 Sacrarnenti
728 3803 871 3890 nitaris,
889 3805 1115 3895 gravissimos
1139 3801 1273 3872 dolores
1290 3803 1321 3870 in
1341 3802 1462 3872 ultimo
1480 3802 1602 3873 morbo
1621 3826 1694 3872 ma·

165 3920 286 3988 sima
310 3920 474 4011 patientia
498 3920 654 3990 sustinuit
678 3930 712 3989 et
735 3920 895 3990 desiderii
913 3921 974 4006 sui,
999 3931 1037 3989 ut
1054 3920 1118 3990 fiat
1142 3919 1336 3990 miserrima
1352 3926 1527 4007 creatura,
1551 3942 1694 4014 compos

191 4036 311 4123 evasit,
338 4045 454 4128 utpote
479 4036 574 4126 quasi
601 4037 632 4105 in
656 4036 811 4106 omnibns
835 4037 984 4106 alllietus
1012 4037 1183 4124 membris
1208 4057 1270 4105 nec
1300 4034 1438 4128 cupiens
1469 4056 1577 4105 sanus
1603 4034 1692 4106 fieri.

159 4230 161 4234 ,
193 4152 251 4220 llis
275 4174 334 4242 per
358 4174 483 4221 annum
508 4152 704 4244 spiritualia
728 4153 894 4222 ‹exercitia
918 4175 979 4244 per
1002 4152 1175 4223 octiduum
1193 4151 1344 4244 peregit3
1369 4151 1401 4219 in
1421 4150 1509 4221 sesto
1529 4151 1592 4221 SS.
1615 4151 1693 4221 Tri-

193 4267 310 4337 nitatis
346 4269 561 4339 morientium
589 4269 826 4358 Sacrurnenta,
863 4270 1011 4362 profusis
1046 4293 1091 4340 cx
1114 4269 1241 4355 dolore,
1278 4290 1394 4340 amore
1417 4276 1452 4338 et
1488 4268 1568 4338 aliis
1604 4272 1692 4341 acti·

194 4384 256 4452 bus
280 4384 440 4454 virtuosis
462 4387 605 4477 copiosis
629 4385 793 4480 lacrymis
816 4388 971 4480 suscepit,
1005 4396 1086 4456 ante
1109 4387 1354 4480 susceptionem
1386 4386 1431 4455 ad
1461 4407 1604 4455 uxorem
1639 4387 1692 4456 di·

193 4522 291 4569 eens:
323 4501 410 4570 vate
444 4511 479 4570 rt
511 4503 762 4573 nniamrlosum
799 4504 839 4573 n.
887 4503 922 4573 1⁷.
955 4504 1116 4574 llum'um
1152 4504 1202 4572 in
1225 4502 1474 4594 (infitiantem
1508 4525 1618 4596 νααα.
1652 4512 1696 4573 at

195 4669 459 4677 ———.——-

300 4746 306 4781 ¹
328 4748 391 4800 date
410 4749 486 4800 istum
507 4749 556 4800 troc
577 4749 601 4800 in
620 4762 728 4801 rnnnme
748 4764 793 4801 usn
812 4756 851 4802 cst
870 4750 982 4815 lantino,
997 4749 1126 4801 Cannntro
1145 4756 1170 4800 et
1183 4749 1297 4801 Paroclm
1318 4748 1466 4810 brixinensi,
1480 4754 1505 4801 et
1525 4749 1575 4800 troc
1594 4748 1693 4802 Cattae·

192 4847 267 4900 dram
288 4848 465 4913 lipisenpalem
485 4848 647 4914 aseendente,
669 4851 694 4900 p·
716 4848 819 4901 llnlllnn
839 4849 944 4914 laxner,
965 4849 1133 4901 Francisrane
1154 4848 1289 4916 aliquoties
1309 4849 1359 4900 lroc
1378 4848 1404 4900 Ι..
1424 4853 1500 4900 tactu.

298 4945 309 4981 ²
330 4947 415 5012 Pagus
433 4947 474 4997 irie
494 4948 558 4998 inter
577 4949 737 5013 Stamingam
757 4953 782 4999 et
801 4947 935 4998 tlatnsium
956 4948 1076 5013 assurgit.

299 5045 442 5098 ³ltlonum.
466 5047 562 5098 ltiinms
583 5047 672 5111 ltegut.
694 5048 784 5098 ttririn.
806 5048 1000 5112 'l'ertiarimunn
1019 5063 1033 5098 a
1055 5061 1096 5099 mo
1116 5050 1139 5099 in
1160 5049 1266 5113 synopsi
1285 5061 1421 5113 expressa,
1440 5046 1509 5099 berla
1533 5046 1644 5111 lt'eber,
1667 5051 1692 5104 in

194 5143 272 5209 Turni
292 5144 345 5195 und
365 5144 407 5195 die
427 5145 619 5197 lteionnatinn:
646 5147 697 5197 tri.
719 5146 777 5197 ilar
799 5145 889 5210 llueb.;
910 5145 1013 5197 t'latemt.
1033 5145 1065 5196 ad
1085 5147 1177 5211 ttuirp.
1199 5147 1224 5197 S.
1245 5146 1332 5198 Franr.
1352 5159 1392 5198 aa.
1417 5144 1491 5196 1885.

301 5240 310 5274 ⁴
331 5242 415 5304 iturus
435 5243 488 5295 trie.
510 5245 716 5306 peregrinantium»
737 5243 845 5293 Mariana
866 5244 962 5305 (linus,
983 5258 1066 5308 prope
1087 5243 1230 5295 Teblacum
1251 5246 1274 5294 in
1296 5243 1363 5294 valle
1383 5244 1512 5294 Prienensi
1540 5257 1573 5297 ac
1595 5244 1690 5300 Diues.

195 5339 288 5391 Brixia.
308 5340 432 5391 considet.
