3750 6082
724 2048 880 2120 CAPUT
904 2051 930 2121 1.

220 2275 379 2374 ORIGO
413 2277 481 2374 ΕΤ
513 2276 858 2378 Paouuussus
891 2279 1067 2380 ISTIUS
1098 2279 1448 2378 PROVINCIAE.

784 2532 817 2623 s.
845 2532 873 2604 1.

296 2743 508 2854 Regiones,
536 2769 606 2855 per
633 2769 735 2855 quas
761 2743 971 2831 Provincia
998 2746 1094 2831 haec
1123 2745 1367 2855 diffunditur,

515 2879 715 2966 succincto
744 2879 894 2964 calamo
926 2884 1156 2966 exarantur.

180 3126 207 3198 1.
240 3127 398 3220 Sphaera
424 3129 564 3221 propria
590 3129 795 3201 Provinciae
826 3128 1027 3222 Tyrolensis
1054 3130 1198 3201 Austria
1226 3129 1381 3201 anterior
1407 3136 1581 3219 censetur,

83 3250 205 3314 secata
219 3243 253 3312 in
276 3243 432 3338 Tynolim
450 3251 486 3314 et
509 3244 673 3315 Sueviam
692 3245 931 3334 Anstriacam,
955 3245 1021 3318 hoc
1044 3252 1096 3316 est
1111 3252 1226 3315 terras
1249 3244 1426 3316 Austriaci
1442 3244 1584 3316 dominii

84 3357 218 3428 circulo
242 3358 387 3431 Suevico
409 3361 600 3452 contiguas.
631 3359 787 3455 Tyrolc's,
811 3360 889 3432 aliis
910 3361 1055 3447 Piretis,
1079 3361 1185 3453 vulgo
1214 3360 1339 3453 Tprol,
1370 3359 1485 3445 Τίνοὶ,
1500 3359 1582 3431 olim

85 3471 264 3544 Rhaetiae
286 3496 382 3567 pars,
408 3484 568 3547 acastre
592 3475 696 3548 huius
720 3476 879 3563 nominis,
904 3477 954 3546 uti
971 3476 1128 3570 pluribus
1150 3475 1278 3570 placet,
1303 3496 1425 3546 nomen
1440 3473 1583 3568 adepta,

85 3586 130 3657 de
153 3589 327 3680 praesenti
350 3590 507 3684 princeps
528 3592 714 3663 comitatus
737 3591 855 3662 circuli
880 3591 1071 3678 Austriaci‚
1097 3590 1142 3662 ab
1164 3590 1297 3662 oriente
1319 3596 1420 3682 parte
1443 3588 1585 3660 dominii

86 3704 235 3793 Veneti,
264 3705 447 3777 Carinthia
470 3715 506 3778 et
529 3708 836 3801 Archiepiscopatu
866 3706 1143 3799 Salisbnrgensi‚
1168 3728 1191 3775 a
1220 3704 1449 3798 septentrione
1483 3713 1585 3797 parte

85 3819 208 3890 circuli
242 3820 407 3892 Bavarici
438 3845 479 3894 ac
514 3822 674 3912 Sueviei,
707 3823 752 3892 ab
782 3821 955 3894 occidente
989 3821 1147 3893 dominiis
1181 3821 1305 3893 montis
1330 3820 1512 3892 Arulani¹
1545 3843 1587 3892 ac

86 3936 274 4007 Grisonum
304 3936 450 4025 ditione,
475 3961 498 4010 a
529 3938 673 4010 meridie
696 3938 807 4011 denuo
838 3946 937 4031 parte
963 3937 1104 4010 dominii
1128 3938 1254 4008 Veneti
1283 3936 1585 4008 circumscribitur.

86 4053 120 4122 Α
143 4053 377 4144 septentrione
400 4053 435 4123 in
458 4053 637 4125 meridiem
661 4054 696 4124 in
720 4054 813 4125 linea
837 4065 934 4125 recta
956 4053 1011 4142 25,
1036 4053 1071 4124 in
1095 4053 1188 4125 linea
1211 4053 1352 4147 obliqua
1374 4052 1420 4125 35
1436 4057 1458 4141 ²,
1482 4059 1518 4124 et
1541 4053 1586 4123 ab

89 4285 233 4357 maioris
254 4284 513 4373 exactitndinis‚
536 4286 709 4357 emetitur.
735 4286 882 4359 Secatur
904 4287 939 4357 in
956 4285 1086 4357 vallem
1109 4285 1287 4357 Oenanam
1311 4295 1347 4356 et
1366 4282 1587 4371 Athesinam,

89 4400 281 4492 exquibus
305 4401 392 4473 haec
420 4401 465 4472 ab
494 4401 640 4493 Athesi3
669 4400 732 4472 illa
760 4424 842 4474 vero
866 4403 912 4473 ab
933 4401 1028 4473 Oeno
1055 4400 1177 4494 potiori
1209 4422 1253 4471 ex
1281 4406 1381 4493 parte
1408 4399 1588 4491 irrigatur.

90 4515 255 4588 Oenanae
287 4516 373 4587 valli
404 4517 518 4610 magis
548 4517 777 4590 communiter
810 4517 963 4606 poetria,
995 4517 1083 4588 alias
1113 4514 1288 4586 Pustrissa
1319 4538 1397 4585 cum
1426 4513 1588 4603 Brixina,

90 4632 233 4725 eiusque
255 4632 382 4705 vicinia
404 4632 623 4727 adiungitur:
647 4655 749 4726 quem
772 4632 968 4705 districtum
993 4631 1135 4725 quidam
1158 4629 1359 4724 Geographi
1382 4651 1444 4722 per
1466 4651 1589 4702 nomen

199 4895 208 4931 ¹
230 4896 356 4950 Videlicet
380 4897 504 4950 comitatu
531 4896 694 4962 Brigantiae,
720 4894 888 4962 Btudenttno,
914 4893 1123 4961 Sonnebergcnst
1148 4898 1174 4947 et
1199 4893 1416 4959 veldkirchenst,
1442 4894 1544 4959 monti,
1576 4907 1590 4945 a

89 4998 214 5048 Gernmn
234 4994 357 5061 Artberg,
376 4993 536 5062 quibusdam
556 4993 701 5061 Adierberg
720 4994 802 5060 dicto,
821 4991 1045 5047 accumbentibus

200 5089 211 5118 ⁸
231 5093 390 5158 Scriptores,
407 5091 444 5144 at
463 5093 639 5158 assignantes,
660 5093 737 5144 nimis
756 5093 827 5158 parci
847 5099 914 5145 sunt

200 5187 213 5224 ⁸
231 5189 387 5257 Neuttquam
405 5191 483 5244 unice
502 5191 544 5244 20.
