<?xml version="1.0" encoding="UTF-8"?>
<!DOCTYPE html PUBLIC "-//W3C//DTD XHTML 1.0 Transitional//EN"
    "http://www.w3.org/TR/xhtml1/DTD/xhtml1-transitional.dtd">
<html xmlns="http://www.w3.org/1999/xhtml" xml:lang="en" lang="en">
 <head>
  <title>
</title>
<meta http-equiv="Content-Type" content="text/html;charset=utf-8" />
  <meta name='ocr-system' content='tesseract 3.04.00' />
  <meta name='ocr-capabilities' content='ocr_page ocr_carea ocr_par ocr_line ocrx_word'/>
</head>
<body>
  <div class='ocr_page' id='page_1' title='image "./chronicarefiere00greigoog_0045.png"; bbox 0 0 3750 6082; ppageno 0'>
   <div class='ocr_carea' id='block_1_1' title="bbox 184 389 1029 462">
    <p class='ocr_par' dir='ltr' id='par_1_1' title="bbox 184 389 1029 462">
     <span class='ocr_line' id='line_1_1' title="bbox 184 389 1029 462; baseline -0.002 0"><span class='ocrx_word' id='word_1_1' title='bbox 184 389 230 462; x_wconf 73' lang='grc'><em>28</em></span> <span class='ocrx_word' id='word_1_2' title='bbox 827 410 1029 462; x_wconf 80' lang='lat' dir='ltr'><em>canonicos</em></span> 
     </span>
    </p>
   </div>
   <div class='ocr_carea' id='block_1_2' title="bbox 184 532 1692 5025">
    <p class='ocr_par' dir='ltr' id='par_1_2' title="bbox 184 532 1680 950">
     <span class='ocr_line' id='line_1_2' title="bbox 185 532 1677 626; baseline 0.001 -23"><span class='ocrx_word' id='word_1_3' title='bbox 185 542 277 619; x_wconf 89' lang='lat' dir='ltr'><em>tata,</em></span> <span class='ocrx_word' id='word_1_4' title='bbox 304 535 398 603; x_wconf 89' lang='lat' dir='ltr'><em>unire</em></span> <span class='ocrx_word' id='word_1_5' title='bbox 422 546 456 603; x_wconf 90' lang='grc'><em>01</em></span> <span class='ocrx_word' id='word_1_6' title='bbox 479 534 721 621; x_wconf 83' lang='lat' dir='ltr'><em>assistentiae</em></span> <span class='ocrx_word' id='word_1_7' title='bbox 738 533 963 604; x_wconf 86' lang='lat' dir='ltr'><em>Seronissima</em></span> <span class='ocrx_word' id='word_1_8' title='bbox 986 533 1135 603; x_wconf 82' lang='lat' dir='ltr'><em>Claudia</em></span> <span class='ocrx_word' id='word_1_9' title='bbox 1156 532 1219 602; x_wconf 90' lang='lat' dir='ltr'><em>sibi</em></span> <span class='ocrx_word' id='word_1_10' title='bbox 1236 533 1476 626; x_wconf 79' lang='lat' dir='ltr'>oppignorata,</span> <span class='ocrx_word' id='word_1_11' title='bbox 1496 534 1563 603; x_wconf 84' lang='lat' dir='ltr'><em>hoc</em></span> <span class='ocrx_word' id='word_1_12' title='bbox 1587 557 1677 604; x_wconf 79' lang='lat' dir='ltr'><em>exse</em></span> 
     </span>
     <span class='ocr_line' id='line_1_3' title="bbox 184 648 1677 737; baseline 0.001 -18"><span class='ocrx_word' id='word_1_13' title='bbox 184 649 311 720; x_wconf 80' lang='lat' dir='ltr'><em>cutioni</em></span> <span class='ocrx_word' id='word_1_14' title='bbox 335 648 554 719; x_wconf 84' lang='lat' dir='ltr'><em>mandarunt.</em></span> <span class='ocrx_word' id='word_1_15' title='bbox 579 649 861 719; x_wconf 83' lang='lat' dir='ltr'><em>Monasteriolum</em></span> <span class='ocrx_word' id='word_1_16' title='bbox 887 648 1064 719; x_wconf 86' lang='lat' dir='ltr'><em>Silchense</em></span> <span class='ocrx_word' id='word_1_17' title='bbox 1089 649 1382 737; x_wconf 78' lang='lat' dir='ltr'><em>Rottenburgensi</em></span> <span class='ocrx_word' id='word_1_18' title='bbox 1399 649 1631 735; x_wconf 86' lang='lat' dir='ltr'><em>annectendo,</em></span> <span class='ocrx_word' id='word_1_19' title='bbox 1646 659 1677 720; x_wconf 89' lang='lat' dir='ltr'><em>et</em></span> 
     </span>
     <span class='ocr_line' id='line_1_4' title="bbox 184 763 1680 855; baseline 0.005 -24"><span class='ocrx_word' id='word_1_20' title='bbox 184 763 251 834; x_wconf 89' lang='lat' dir='ltr'><em>duo</em></span> <span class='ocrx_word' id='word_1_21' title='bbox 276 764 522 835; x_wconf 89' lang='lat' dir='ltr'><em>Monnsteriola</em></span> <span class='ocrx_word' id='word_1_22' title='bbox 546 764 738 834; x_wconf 86' lang='lat' dir='ltr'><em>Horbensia</em></span> <span class='ocrx_word' id='word_1_23' title='bbox 763 785 908 833; x_wconf 91' lang='lat' dir='ltr'><em>unacum</em></span> <span class='ocrx_word' id='word_1_24' title='bbox 936 763 1127 855; x_wconf 79' lang='lat' dir='ltr'><em>Eitingensi</em></span> <span class='ocrx_word' id='word_1_25' title='bbox 1144 788 1185 834; x_wconf 89' lang='lat' dir='ltr'><em>ac</em></span> <span class='ocrx_word' id='word_1_26' title='bbox 1202 764 1458 836; x_wconf 89' lang='lat' dir='ltr'><em>Nordstetteusi</em></span> <span class='ocrx_word' id='word_1_27' title='bbox 1489 767 1523 836; x_wconf 93' lang='lat' dir='ltr'><em>in</em></span> <span class='ocrx_word' id='word_1_28' title='bbox 1540 767 1680 838; x_wconf 89' lang='lat' dir='ltr'><em>civitate</em></span> 
     </span>
     <span class='ocr_line' id='line_1_5' title="bbox 186 879 769 950; baseline 0.002 -1"><span class='ocrx_word' id='word_1_29' title='bbox 186 879 354 950; x_wconf 90' lang='lat' dir='ltr'><em>Horbensi</em></span> <span class='ocrx_word' id='word_1_30' title='bbox 378 880 602 950; x_wconf 85' lang='lat' dir='ltr'><em>combinanda</em></span> <span class='ocrx_word' id='word_1_31' title='bbox 617 883 637 950; x_wconf 92' lang='lat'><em>¹.</em></span> <span class='ocrx_word' id='word_1_32' title='bbox 765 880 769 888; x_wconf 81' lang='lat'>&#39;</span> 
     </span>
    </p>

    <p class='ocr_par' dir='ltr' id='par_1_3' title="bbox 185 995 1692 4677">
     <span class='ocr_line' id='line_1_6' title="bbox 273 995 1680 1091; baseline 0.003 -25"><span class='ocrx_word' id='word_1_33' title='bbox 273 995 327 1066; x_wconf 76' lang='lat'><em>24.</em></span> <span class='ocrx_word' id='word_1_34' title='bbox 352 996 520 1066; x_wconf 87' lang='lat' dir='ltr'><em>Currente</em></span> <span class='ocrx_word' id='word_1_35' title='bbox 545 1018 633 1066; x_wconf 88' lang='lat' dir='ltr'><em>auno</em></span> <span class='ocrx_word' id='word_1_36' title='bbox 658 995 745 1065; x_wconf 67' lang='lat' dir='ltr'><em>loeti</em></span> <span class='ocrx_word' id='word_1_37' title='bbox 769 997 935 1066; x_wconf 87' lang='lat' dir='ltr'><em>Sereniss.</em></span> <span class='ocrx_word' id='word_1_38' title='bbox 960 996 1076 1066; x_wconf 90' lang='lat' dir='ltr'><em>Maria</em></span> <span class='ocrx_word' id='word_1_39' title='bbox 1092 997 1312 1088; x_wconf 62' lang='lat' dir='ltr'><em>Leopoldina,</em></span> <span class='ocrx_word' id='word_1_40' title='bbox 1337 996 1502 1091; x_wconf 90' lang='lat' dir='ltr'><em>Leopoldi</em></span> <span class='ocrx_word' id='word_1_41' title='bbox 1519 1021 1564 1069; x_wconf 86' lang='lat' dir='ltr'><em>ac</em></span> <span class='ocrx_word' id='word_1_42' title='bbox 1581 998 1680 1070; x_wconf 86' lang='lat' dir='ltr'><em>Glau-</em></span> 
     </span>
     <span class='ocr_line' id='line_1_7' title="bbox 185 1111 1679 1205; baseline 0.003 -25"><span class='ocrx_word' id='word_1_43' title='bbox 185 1111 280 1197; x_wconf 87' lang='lat' dir='ltr'><em>diac,</em></span> <span class='ocrx_word' id='word_1_44' title='bbox 306 1111 473 1205; x_wconf 86' lang='lat' dir='ltr'><em>Tyroleos</em></span> <span class='ocrx_word' id='word_1_45' title='bbox 499 1111 694 1203; x_wconf 84' lang='lat' dir='ltr'>Principum</span> <span class='ocrx_word' id='word_1_46' title='bbox 719 1111 810 1196; x_wconf 89' lang='lat' dir='ltr'><em>filia,</em></span> <span class='ocrx_word' id='word_1_47' title='bbox 835 1111 986 1182; x_wconf 89' lang='lat' dir='ltr'><em>secunda</em></span> <span class='ocrx_word' id='word_1_48' title='bbox 1010 1112 1241 1201; x_wconf 81' lang='lat' dir='ltr'><em>conthoralis,</em></span> <span class='ocrx_word' id='word_1_49' title='bbox 1266 1112 1488 1184; x_wconf 87' lang='lat' dir='ltr'><em>Ferdinando</em></span> <span class='ocrx_word' id='word_1_50' title='bbox 1513 1114 1572 1185; x_wconf 90' lang='lat'><em>111.</em></span> <span class='ocrx_word' id='word_1_51' title='bbox 1597 1115 1679 1185; x_wconf 85' lang='lat' dir='ltr'><em>Cae·</em></span> 
     </span>
     <span class='ocr_line' id='line_1_8' title="bbox 187 1227 1678 1323; baseline 0.002 -26"><span class='ocrx_word' id='word_1_52' title='bbox 187 1229 257 1297; x_wconf 88' lang='lat' dir='ltr'><em>sari</em></span> <span class='ocrx_word' id='word_1_53' title='bbox 274 1228 445 1313; x_wconf 87' lang='lat' dir='ltr'><em>dedicata,</em></span> <span class='ocrx_word' id='word_1_54' title='bbox 463 1227 647 1319; x_wconf 87' lang='lat' dir='ltr'><em>Oeniponte</em></span> <span class='ocrx_word' id='word_1_55' title='bbox 661 1227 898 1298; x_wconf 86' lang='lat' dir='ltr'><em>Vindobonam</em></span> <span class='ocrx_word' id='word_1_56' title='bbox 912 1227 1030 1313; x_wconf 88' lang='lat' dir='ltr'><em>movit,</em></span> <span class='ocrx_word' id='word_1_57' title='bbox 1048 1227 1265 1298; x_wconf 87' lang='lat' dir='ltr'><em>Fridericum</em></span> <span class='ocrx_word' id='word_1_58' title='bbox 1283 1227 1427 1315; x_wconf 85' lang='lat' dir='ltr'><em>Gailler,</em></span> <span class='ocrx_word' id='word_1_59' title='bbox 1441 1227 1546 1300; x_wconf 90' lang='lat' dir='ltr'><em>Prov.</em></span> <span class='ocrx_word' id='word_1_60' title='bbox 1563 1229 1678 1323; x_wconf 89' lang='lat' dir='ltr'><em>Tyrol.</em></span> 
     </span>
     <span class='ocr_line' id='line_1_9' title="bbox 187 1337 1682 1435; baseline 0.002 -22"><span class='ocrx_word' id='word_1_61' title='bbox 187 1344 397 1429; x_wconf 89' lang='lat' dir='ltr'><em>Ministrum,</em></span> <span class='ocrx_word' id='word_1_62' title='bbox 422 1342 582 1413; x_wconf 90' lang='lat' dir='ltr'><em>ultimum</em></span> <span class='ocrx_word' id='word_1_63' title='bbox 606 1343 685 1413; x_wconf 87' lang='lat' dir='ltr'><em>vale</em></span> <span class='ocrx_word' id='word_1_64' title='bbox 708 1343 737 1412; x_wconf 89' lang='lat' dir='ltr'><em>ei</em></span> <span class='ocrx_word' id='word_1_65' title='bbox 762 1342 952 1430; x_wconf 81' lang='lat' dir='ltr'>dicentem,</span> <span class='ocrx_word' id='word_1_66' title='bbox 979 1343 1032 1412; x_wconf 89' lang='lat' dir='ltr'><em>his</em></span> <span class='ocrx_word' id='word_1_67' title='bbox 1055 1344 1179 1432; x_wconf 89' lang='lat' dir='ltr'><em>verbis,</em></span> <span class='ocrx_word' id='word_1_68' title='bbox 1204 1344 1319 1414; x_wconf 90' lang='lat' dir='ltr'><em>aureis</em></span> <span class='ocrx_word' id='word_1_69' title='bbox 1343 1342 1469 1414; x_wconf 87' lang='lat' dir='ltr'><em>litteris</em></span> <span class='ocrx_word' id='word_1_70' title='bbox 1485 1337 1682 1435; x_wconf 84' lang='lat' dir='ltr'><em>exarandis,</em></span> 
     </span>
     <span class='ocr_line' id='line_1_10' title="bbox 187 1457 1680 1554; baseline 0.003 -27"><span class='ocrx_word' id='word_1_71' title='bbox 187 1459 339 1552; x_wconf 88' lang='lat' dir='ltr'><em>repetitis</em></span> <span class='ocrx_word' id='word_1_72' title='bbox 363 1457 493 1527; x_wconf 89' lang='lat' dir='ltr'><em>vicibus</em></span> <span class='ocrx_word' id='word_1_73' title='bbox 517 1457 646 1528; x_wconf 86' lang='lat' dir='ltr'><em>affata:</em></span> <span class='ocrx_word' id='word_1_74' title='bbox 664 1458 767 1526; x_wconf 85' lang='lat' dir='ltr'><em>Serio</em></span> <span class='ocrx_word' id='word_1_75' title='bbox 780 1459 966 1550; x_wconf 76' lang='lat' dir='ltr'><em>promitto,</em></span> <span class='ocrx_word' id='word_1_76' title='bbox 990 1458 1086 1551; x_wconf 89' lang='lat' dir='ltr'><em>qnod</em></span> <span class='ocrx_word' id='word_1_77' title='bbox 1109 1459 1215 1529; x_wconf 87' lang='lat' dir='ltr'><em>totins</em></span> <span class='ocrx_word' id='word_1_78' title='bbox 1236 1457 1384 1529; x_wconf 77' lang='lat' dir='ltr'><em>Ordinis</em></span> <span class='ocrx_word' id='word_1_79' title='bbox 1399 1459 1598 1552; x_wconf 82' lang='lat' dir='ltr'><em>Seroplrici</em></span> <span class='ocrx_word' id='word_1_80' title='bbox 1608 1484 1680 1554; x_wconf 83' lang='lat' dir='ltr'><em>spe·</em></span> 
     </span>
     <span class='ocr_line' id='line_1_11' title="bbox 186 1573 1685 1668; baseline 0.003 -25"><span class='ocrx_word' id='word_1_81' title='bbox 186 1576 331 1643; x_wconf 76' lang='lat' dir='ltr'><em>cialiter</em></span> <span class='ocrx_word' id='word_1_82' title='bbox 355 1597 438 1643; x_wconf 83' lang='lat' dir='ltr'><em>nero</em></span> <span class='ocrx_word' id='word_1_83' title='bbox 460 1573 568 1642; x_wconf 74' lang='lat' dir='ltr'><em>linias</em></span> <span class='ocrx_word' id='word_1_84' title='bbox 592 1573 809 1643; x_wconf 72' lang='lat' dir='ltr'><em>Provinciae</em></span> <span class='ocrx_word' id='word_1_85' title='bbox 831 1574 1030 1661; x_wconf 77' lang='lat' dir='ltr'><em>sin-palaris</em></span> <span class='ocrx_word' id='word_1_86' title='bbox 1053 1574 1218 1645; x_wconf 86' lang='lat' dir='ltr'><em>Patrona</em></span> <span class='ocrx_word' id='word_1_87' title='bbox 1241 1582 1277 1644; x_wconf 88' lang='lat' dir='ltr'><em>et</em></span> <span class='ocrx_word' id='word_1_88' title='bbox 1306 1573 1532 1645; x_wconf 77' lang='lat' dir='ltr'><em>Protentrin</em></span> <span class='ocrx_word' id='word_1_89' title='bbox 1554 1577 1685 1668; x_wconf 79' lang='lat' dir='ltr'><em>futura</em></span> 
     </span>
     <span class='ocr_line' id='line_1_12' title="bbox 185 1688 1685 1784; baseline 0.005 -27"><span class='ocrx_word' id='word_1_90' title='bbox 185 1691 265 1759; x_wconf 80' lang='lat' dir='ltr'><em>siin.</em></span> <span class='ocrx_word' id='word_1_91' title='bbox 291 1690 375 1782; x_wconf 86' lang='lat' dir='ltr'>Spes</span> <span class='ocrx_word' id='word_1_92' title='bbox 399 1689 487 1759; x_wconf 87' lang='lat' dir='ltr'><em>haec</em></span> <span class='ocrx_word' id='word_1_93' title='bbox 510 1712 589 1760; x_wconf 81' lang='lat' dir='ltr'><em>mox</em></span> <span class='ocrx_word' id='word_1_94' title='bbox 613 1689 793 1774; x_wconf 77' lang='lat' dir='ltr'><em>emarcuit,</em></span> <span class='ocrx_word' id='word_1_95' title='bbox 811 1700 921 1760; x_wconf 90' lang='lat' dir='ltr'><em>morte</em></span> <span class='ocrx_word' id='word_1_96' title='bbox 947 1689 1045 1759; x_wconf 86' lang='lat' dir='ltr'><em>filum</em></span> <span class='ocrx_word' id='word_1_97' title='bbox 1070 1690 1178 1760; x_wconf 89' lang='lat' dir='ltr'><em>vitale</em></span> <span class='ocrx_word' id='word_1_98' title='bbox 1196 1688 1374 1780; x_wconf 83' lang='lat' dir='ltr'><em>Claudiae,</em></span> <span class='ocrx_word' id='word_1_99' title='bbox 1391 1691 1489 1762; x_wconf 86' lang='lat' dir='ltr'><em>istius</em></span> <span class='ocrx_word' id='word_1_100' title='bbox 1504 1693 1685 1784; x_wconf 83' lang='lat' dir='ltr'><em>Augustae</em></span> 
     </span>
     <span class='ocr_line' id='line_1_13' title="bbox 187 1804 1684 1901; baseline 0.003 -26"><span class='ocrx_word' id='word_1_101' title='bbox 187 1805 311 1890; x_wconf 90' lang='lat' dir='ltr'><em>Matri,</em></span> <span class='ocrx_word' id='word_1_102' title='bbox 336 1804 379 1874; x_wconf 90' lang='lat' dir='ltr'><em>de</em></span> <span class='ocrx_word' id='word_1_103' title='bbox 404 1804 585 1874; x_wconf 85' lang='lat' dir='ltr'><em>Provincia</em></span> <span class='ocrx_word' id='word_1_104' title='bbox 609 1804 791 1898; x_wconf 86' lang='lat' dir='ltr'><em>Tyrolensi</em></span> <span class='ocrx_word' id='word_1_105' title='bbox 815 1805 942 1897; x_wconf 89' lang='lat' dir='ltr'><em>optime</em></span> <span class='ocrx_word' id='word_1_106' title='bbox 968 1805 1121 1890; x_wconf 88' lang='lat' dir='ltr'><em>meritae,</em></span> <span class='ocrx_word' id='word_1_107' title='bbox 1146 1827 1200 1876; x_wconf 90' lang='lat' dir='ltr'><em>an.</em></span> <span class='ocrx_word' id='word_1_108' title='bbox 1225 1805 1345 1885; x_wconf 84' lang='lat' dir='ltr'><em>eodem</em></span> <span class='ocrx_word' id='word_1_109' title='bbox 1381 1805 1485 1899; x_wconf 91' lang='lat' dir='ltr'><em>paulo</em></span> <span class='ocrx_word' id='word_1_110' title='bbox 1521 1815 1600 1901; x_wconf 87' lang='lat' dir='ltr'><em>post</em></span> <span class='ocrx_word' id='word_1_111' title='bbox 1624 1831 1684 1879; x_wconf 92' lang='lat' dir='ltr'><em>nu·</em></span> 
     </span>
     <span class='ocr_line' id='line_1_14' title="bbox 187 1919 1682 2014; baseline 0.003 -25"><span class='ocrx_word' id='word_1_112' title='bbox 187 1922 278 2013; x_wconf 89' lang='lat' dir='ltr'><em>ptias</em></span> <span class='ocrx_word' id='word_1_113' title='bbox 302 1932 336 1990; x_wconf 90' lang='lat' dir='ltr'><em>et</em></span> <span class='ocrx_word' id='word_1_114' title='bbox 360 1943 415 1990; x_wconf 89' lang='lat' dir='ltr'><em>an.</em></span> <span class='ocrx_word' id='word_1_115' title='bbox 439 1942 508 2011; x_wconf 89' lang='lat' dir='ltr'><em>seq.</em></span> <span class='ocrx_word' id='word_1_116' title='bbox 533 1922 605 1991; x_wconf 87' lang='lat' dir='ltr'><em>eius</em></span> <span class='ocrx_word' id='word_1_117' title='bbox 628 1919 723 1991; x_wconf 86' lang='lat' dir='ltr'><em>filiae</em></span> <span class='ocrx_word' id='word_1_118' title='bbox 746 1920 980 2014; x_wconf 89' lang='lat' dir='ltr'><em>abrumpente.</em></span> <span class='ocrx_word' id='word_1_119' title='bbox 1006 1921 1166 1991; x_wconf 83' lang='lat' dir='ltr'><em>Minister</em></span> <span class='ocrx_word' id='word_1_120' title='bbox 1187 1922 1386 2014; x_wconf 83' lang='lat' dir='ltr'><em>praelatus,</em></span> <span class='ocrx_word' id='word_1_121' title='bbox 1411 1944 1481 2013; x_wconf 88' lang='lat' dir='ltr'><em>qua</em></span> <span class='ocrx_word' id='word_1_122' title='bbox 1510 1922 1682 1996; x_wconf 86' lang='lat' dir='ltr'><em>Definitor</em></span> 
     </span>
     <span class='ocr_line' id='line_1_15' title="bbox 186 2036 1686 2128; baseline 0.002 -20"><span class='ocrx_word' id='word_1_123' title='bbox 186 2036 367 2108; x_wconf 79' lang='lat' dir='ltr'><em>Generalis</em></span> <span class='ocrx_word' id='word_1_124' title='bbox 390 2037 539 2106; x_wconf 82' lang='lat' dir='ltr'><em>Romam</em></span> <span class='ocrx_word' id='word_1_125' title='bbox 565 2036 746 2128; x_wconf 71' lang='lat' dir='ltr'><em>profectus</em></span> <span class='ocrx_word' id='word_1_126' title='bbox 772 2045 810 2106; x_wconf 92' lang='lat' dir='ltr'><em>ut</em></span> <span class='ocrx_word' id='word_1_127' title='bbox 837 2036 884 2105; x_wconf 87' lang='lat' dir='ltr'><em>ibi</em></span> <span class='ocrx_word' id='word_1_128' title='bbox 900 2036 1035 2106; x_wconf 89' lang='lat' dir='ltr'><em>intersit</em></span> <span class='ocrx_word' id='word_1_129' title='bbox 1057 2036 1213 2108; x_wconf 88' lang='lat' dir='ltr'><em>electioni</em></span> <span class='ocrx_word' id='word_1_130' title='bbox 1238 2036 1368 2108; x_wconf 86' lang='lat' dir='ltr'><em>Vicarii</em></span> <span class='ocrx_word' id='word_1_131' title='bbox 1392 2036 1589 2125; x_wconf 63' lang='lat' dir='ltr'><em>Generalis</em></span> <span class='ocrx_word' id='word_1_132' title='bbox 1614 2038 1686 2112; x_wconf 87' lang='lat' dir='ltr'><em>loco</em></span> 
     </span>
     <span class='ocr_line' id='line_1_16' title="bbox 188 2150 1687 2244; baseline 0.003 -23"><span class='ocrx_word' id='word_1_133' title='bbox 188 2153 323 2223; x_wconf 91' lang='lat' dir='ltr'><em>loannis</em></span> <span class='ocrx_word' id='word_1_134' title='bbox 346 2152 389 2222; x_wconf 89' lang='lat' dir='ltr'><em>de</em></span> <span class='ocrx_word' id='word_1_135' title='bbox 412 2151 576 2242; x_wconf 88' lang='lat' dir='ltr'><em>Neapoli,</em></span> <span class='ocrx_word' id='word_1_136' title='bbox 600 2151 752 2222; x_wconf 89' lang='lat' dir='ltr'><em>Ministri</em></span> <span class='ocrx_word' id='word_1_137' title='bbox 777 2150 963 2221; x_wconf 84' lang='lat' dir='ltr'><em>Generalis</em></span> <span class='ocrx_word' id='word_1_138' title='bbox 989 2163 1142 2223; x_wconf 85' lang='lat' dir='ltr'><em>recenter</em></span> <span class='ocrx_word' id='word_1_139' title='bbox 1166 2152 1337 2240; x_wconf 83' lang='lat' dir='ltr'><em>defuncti,</em></span> <span class='ocrx_word' id='word_1_140' title='bbox 1361 2152 1531 2244; x_wconf 84' lang='lat' dir='ltr'><em>eligendi,</em></span> <span class='ocrx_word' id='word_1_141' title='bbox 1560 2154 1687 2226; x_wconf 88' lang='lat' dir='ltr'><em>ibidem</em></span> 
     </span>
     <span class='ocr_line' id='line_1_17' title="bbox 187 2266 1687 2358; baseline 0.004 -22"><span class='ocrx_word' id='word_1_142' title='bbox 187 2291 241 2337; x_wconf 91' lang='lat' dir='ltr'><em>an.</em></span> <span class='ocrx_word' id='word_1_143' title='bbox 271 2268 356 2338; x_wconf 81' lang='grc'>11149</span> <span class='ocrx_word' id='word_1_144' title='bbox 378 2267 674 2339; x_wconf 83' lang='lat' dir='ltr'><em>confirmationem</em></span> <span class='ocrx_word' id='word_1_145' title='bbox 698 2266 869 2358; x_wconf 70' lang='lat' dir='ltr'><em>privilegii</em></span> <span class='ocrx_word' id='word_1_146' title='bbox 902 2267 1088 2337; x_wconf 88' lang='lat' dir='ltr'><em>Clementis</em></span> <span class='ocrx_word' id='word_1_147' title='bbox 1110 2269 1202 2338; x_wconf 89' lang='lat' dir='ltr'><em>Vlll.</em></span> <span class='ocrx_word' id='word_1_148' title='bbox 1236 2293 1267 2339; x_wconf 87' lang='lat' dir='ltr'><em>n.</em></span> <span class='ocrx_word' id='word_1_149' title='bbox 1294 2269 1344 2339; x_wconf 94' lang='grc'><em>11.</em></span> <span class='ocrx_word' id='word_1_150' title='bbox 1379 2268 1539 2358; x_wconf 88' lang='lat' dir='ltr'><em>adducti,</em></span> <span class='ocrx_word' id='word_1_151' title='bbox 1572 2271 1687 2342; x_wconf 88' lang='lat' dir='ltr'><em>Guar-</em></span> 
     </span>
     <span class='ocr_line' id='line_1_18' title="bbox 187 2383 1688 2478; baseline 0.003 -26"><span class='ocrx_word' id='word_1_152' title='bbox 187 2385 306 2454; x_wconf 87' lang='lat' dir='ltr'><em>diauos</em></span> <span class='ocrx_word' id='word_1_153' title='bbox 328 2395 363 2453; x_wconf 86' lang='lat' dir='ltr'><em>et</em></span> <span class='ocrx_word' id='word_1_154' title='bbox 387 2384 589 2454; x_wconf 67' lang='lat' dir='ltr'><em>abbatissas</em></span> <span class='ocrx_word' id='word_1_155' title='bbox 613 2383 708 2453; x_wconf 86' lang='lat' dir='ltr'><em>ultra</em></span> <span class='ocrx_word' id='word_1_156' title='bbox 744 2383 926 2452; x_wconf 91' lang='lat' dir='ltr'><em>triennium</em></span> <span class='ocrx_word' id='word_1_157' title='bbox 962 2384 1158 2453; x_wconf 87' lang='lat' dir='ltr'><em>stabiliendi</em></span> <span class='ocrx_word' id='word_1_158' title='bbox 1184 2383 1395 2477; x_wconf 88' lang='lat' dir='ltr'><em>impetravit.</em></span> <span class='ocrx_word' id='word_1_159' title='bbox 1424 2383 1688 2478; x_wconf 53' lang='grc'>1100031000-</span> 
     </span>
     <span class='ocr_line' id='line_1_19' title="bbox 188 2499 1689 2592; baseline 0 -21"><span class='ocrx_word' id='word_1_160' title='bbox 188 2500 279 2571; x_wconf 87' lang='lat' dir='ltr'><em>tiono</em></span> <span class='ocrx_word' id='word_1_161' title='bbox 304 2500 526 2587; x_wconf 87' lang='lat' dir='ltr'><em>intermedia,</em></span> <span class='ocrx_word' id='word_1_162' title='bbox 552 2523 607 2570; x_wconf 84' lang='lat' dir='ltr'><em>an.</em></span> <span class='ocrx_word' id='word_1_163' title='bbox 643 2499 763 2569; x_wconf 86' lang='lat' dir='ltr'><em>eodem</em></span> <span class='ocrx_word' id='word_1_164' title='bbox 798 2499 983 2583; x_wconf 86' lang='lat' dir='ltr'><em>celebrata,</em></span> <span class='ocrx_word' id='word_1_165' title='bbox 1025 2499 1069 2570; x_wconf 88' lang='lat' dir='ltr'><em>ad</em></span> <span class='ocrx_word' id='word_1_166' title='bbox 1105 2523 1221 2592; x_wconf 82' lang='lat' dir='ltr'><em>preces</em></span> <span class='ocrx_word' id='word_1_167' title='bbox 1245 2501 1409 2571; x_wconf 87' lang='lat' dir='ltr'><em>Sororum</em></span> <span class='ocrx_word' id='word_1_168' title='bbox 1433 2501 1689 2571; x_wconf 74' lang='lat' dir='ltr'><em>&#39;l&#39;ertiariarum</em></span> 
     </span>
     <span class='ocr_line' id='line_1_20' title="bbox 188 2615 1689 2708; baseline 0.002 -24"><span class='ocrx_word' id='word_1_169' title='bbox 188 2617 383 2686; x_wconf 88' lang='lat' dir='ltr'><em>ordinatum</em></span> <span class='ocrx_word' id='word_1_170' title='bbox 410 2617 485 2701; x_wconf 84' lang='lat' dir='ltr'><em>suit,</em></span> <span class='ocrx_word' id='word_1_171' title='bbox 510 2627 546 2685; x_wconf 89' lang='lat' dir='ltr'><em>ut</em></span> <span class='ocrx_word' id='word_1_172' title='bbox 570 2636 631 2708; x_wconf 91' lang='lat' dir='ltr'><em>pro</em></span> <span class='ocrx_word' id='word_1_173' title='bbox 654 2615 808 2706; x_wconf 87' lang='lat' dir='ltr'><em>qualibet</em></span> <span class='ocrx_word' id='word_1_174' title='bbox 832 2638 963 2701; x_wconf 85' lang='lat' dir='ltr'><em>earum,</em></span> <span class='ocrx_word' id='word_1_175' title='bbox 987 2638 1006 2684; x_wconf 89' lang='grc'>0</span> <span class='ocrx_word' id='word_1_176' title='bbox 1041 2615 1199 2686; x_wconf 89' lang='lat' dir='ltr'><em>vivorum</em></span> <span class='ocrx_word' id='word_1_177' title='bbox 1235 2615 1371 2687; x_wconf 88' lang='lat' dir='ltr'><em>calculo</em></span> <span class='ocrx_word' id='word_1_178' title='bbox 1395 2627 1523 2701; x_wconf 89' lang='lat' dir='ltr'><em>amota,</em></span> <span class='ocrx_word' id='word_1_179' title='bbox 1547 2616 1583 2686; x_wconf 93' lang='lat' dir='ltr'><em>in</em></span> <span class='ocrx_word' id='word_1_180' title='bbox 1607 2639 1689 2708; x_wconf 90' lang='lat' dir='ltr'><em>quo-</em></span> 
     </span>
     <span class='ocr_line' id='line_1_21' title="bbox 189 2730 1685 2823; baseline 0 -22"><span class='ocrx_word' id='word_1_181' title='bbox 189 2732 273 2802; x_wconf 90' lang='lat' dir='ltr'><em>libet</em></span> <span class='ocrx_word' id='word_1_182' title='bbox 298 2733 473 2803; x_wconf 82' lang='lat' dir='ltr'><em>Conventu</em></span> <span class='ocrx_word' id='word_1_183' title='bbox 500 2732 607 2802; x_wconf 89' lang='lat' dir='ltr'><em>Missa</em></span> <span class='ocrx_word' id='word_1_184' title='bbox 630 2731 863 2802; x_wconf 85' lang='lat' dir='ltr'><em>conventualis</em></span> <span class='ocrx_word' id='word_1_185' title='bbox 888 2730 944 2800; x_wconf 89' lang='lat' dir='ltr'><em>vel</em></span> <span class='ocrx_word' id='word_1_186' title='bbox 966 2730 1038 2802; x_wconf 89' lang='lat' dir='ltr'><em>alia</em></span> <span class='ocrx_word' id='word_1_187' title='bbox 1062 2731 1223 2823; x_wconf 75' lang='lat' dir='ltr'><em>legatur,</em></span> <span class='ocrx_word' id='word_1_188' title='bbox 1248 2731 1406 2801; x_wconf 90' lang='lat' dir='ltr'><em>Officium</em></span> <span class='ocrx_word' id='word_1_189' title='bbox 1430 2731 1685 2802; x_wconf 87' lang='lat' dir='ltr'><em>Defunctornm</em></span> 
     </span>
     <span class='ocr_line' id='line_1_22' title="bbox 186 2846 1682 2919; baseline 0.001 -3"><span class='ocrx_word' id='word_1_190' title='bbox 186 2850 287 2919; x_wconf 92' lang='lat' dir='ltr'><em>unius</em></span> <span class='ocrx_word' id='word_1_191' title='bbox 310 2849 474 2919; x_wconf 88' lang='lat' dir='ltr'><em>Nocturni</em></span> <span class='ocrx_word' id='word_1_192' title='bbox 501 2849 664 2918; x_wconf 89' lang='lat' dir='ltr'><em>recitetur</em></span> <span class='ocrx_word' id='word_1_193' title='bbox 687 2857 722 2917; x_wconf 89' lang='lat' dir='ltr'><em>et</em></span> <span class='ocrx_word' id='word_1_194' title='bbox 745 2870 766 2916; x_wconf 91' lang='lat' dir='ltr'><em>a</em></span> <span class='ocrx_word' id='word_1_195' title='bbox 789 2846 904 2918; x_wconf 90' lang='lat' dir='ltr'><em>Laicis</em></span> <span class='ocrx_word' id='word_1_196' title='bbox 932 2846 993 2916; x_wconf 84' lang='lat' dir='ltr'><em>lou</em></span> <span class='ocrx_word' id='word_1_197' title='bbox 1018 2848 1123 2917; x_wconf 89' lang='lat' dir='ltr'><em>Pater</em></span> <span class='ocrx_word' id='word_1_198' title='bbox 1148 2856 1261 2917; x_wconf 90' lang='lat' dir='ltr'><em>noster</em></span> <span class='ocrx_word' id='word_1_199' title='bbox 1284 2847 1391 2917; x_wconf 90' lang='lat' dir='ltr'><em>semel</em></span> <span class='ocrx_word' id='word_1_200' title='bbox 1415 2847 1589 2917; x_wconf 90' lang='lat' dir='ltr'><em>dicantur.</em></span> <span class='ocrx_word' id='word_1_201' title='bbox 1616 2848 1682 2918; x_wconf 86' lang='lat' dir='ltr'><em>An.</em></span> 
     </span>
     <span class='ocr_line' id='line_1_23' title="bbox 191 2962 1692 3055; baseline 0.001 -23"><span class='ocrx_word' id='word_1_202' title='bbox 191 2963 270 3033; x_wconf 74' lang='grc'>11151</span> <span class='ocrx_word' id='word_1_203' title='bbox 299 2962 460 3055; x_wconf 78' lang='lat' dir='ltr'><em>AEgidius</em></span> <span class='ocrx_word' id='word_1_204' title='bbox 477 2962 620 3048; x_wconf 87' lang='lat' dir='ltr'><em>Schiesl,</em></span> <span class='ocrx_word' id='word_1_205' title='bbox 642 2963 904 3033; x_wconf 84' lang='lat' dir='ltr'><em>Commissarius</em></span> <span class='ocrx_word' id='word_1_206' title='bbox 929 2962 1110 3032; x_wconf 87' lang='lat' dir='ltr'><em>Generalis</em></span> <span class='ocrx_word' id='word_1_207' title='bbox 1126 2963 1335 3033; x_wconf 88' lang='lat' dir='ltr'><em>Germaniae</em></span> <span class='ocrx_word' id='word_1_208' title='bbox 1351 2962 1547 3054; x_wconf 90' lang='lat' dir='ltr'><em>superioris,</em></span> <span class='ocrx_word' id='word_1_209' title='bbox 1565 2985 1588 3032; x_wconf 92' lang='lat' dir='ltr'><em>a</em></span> <span class='ocrx_word' id='word_1_210' title='bbox 1607 2963 1692 3034; x_wconf 90' lang='lat' dir='ltr'><em>Pro-</em></span> 
     </span>
     <span class='ocr_line' id='line_1_24' title="bbox 187 3077 1689 3171; baseline 0.003 -26"><span class='ocrx_word' id='word_1_211' title='bbox 187 3079 299 3149; x_wconf 88' lang='lat' dir='ltr'><em>vincia</em></span> <span class='ocrx_word' id='word_1_212' title='bbox 322 3078 503 3169; x_wconf 82' lang='lat' dir='ltr'><em>Tyrolensi</em></span> <span class='ocrx_word' id='word_1_213' title='bbox 528 3078 756 3148; x_wconf 79' lang='lat' dir='ltr'><em>obedientiam</em></span> <span class='ocrx_word' id='word_1_214' title='bbox 781 3077 935 3171; x_wconf 83' lang='lat' dir='ltr'><em>expetiit,</em></span> <span class='ocrx_word' id='word_1_215' title='bbox 962 3077 1098 3148; x_wconf 86' lang='lat' dir='ltr'><em>innixus</em></span> <span class='ocrx_word' id='word_1_216' title='bbox 1122 3078 1246 3150; x_wconf 87' lang='lat' dir='ltr'><em>litteris</em></span> <span class='ocrx_word' id='word_1_217' title='bbox 1269 3077 1569 3165; x_wconf 85' lang='lat' dir='ltr'><em>obedientialibus,</em></span> <span class='ocrx_word' id='word_1_218' title='bbox 1608 3101 1689 3150; x_wconf 88' lang='lat' dir='ltr'><em>eum</em></span> 
     </span>
     <span class='ocr_line' id='line_1_25' title="bbox 188 3193 1690 3287; baseline 0.001 -24"><span class='ocrx_word' id='word_1_219' title='bbox 188 3195 294 3264; x_wconf 88' lang='lat' dir='ltr'><em>etiam</em></span> <span class='ocrx_word' id='word_1_220' title='bbox 318 3194 598 3265; x_wconf 84' lang='lat' dir='ltr'><em>Commissarium</em></span> <span class='ocrx_word' id='word_1_221' title='bbox 624 3194 828 3263; x_wconf 86' lang='lat' dir='ltr'><em>Provinciae</em></span> <span class='ocrx_word' id='word_1_222' title='bbox 852 3194 1051 3286; x_wconf 80' lang='lat' dir='ltr'><em>Tyrolensis</em></span> <span class='ocrx_word' id='word_1_223' title='bbox 1076 3193 1337 3287; x_wconf 87' lang='lat' dir='ltr'><em>appellantibus.</em></span> <span class='ocrx_word' id='word_1_224' title='bbox 1362 3193 1515 3265; x_wconf 87' lang='lat' dir='ltr'><em>Maiores</em></span> <span class='ocrx_word' id='word_1_225' title='bbox 1539 3193 1690 3265; x_wconf 91' lang='lat' dir='ltr'><em>Provin-</em></span> 
     </span>
     <span class='ocr_line' id='line_1_26' title="bbox 187 3308 1688 3401; baseline 0.001 -22"><span class='ocrx_word' id='word_1_226' title='bbox 187 3310 278 3389; x_wconf 86' lang='lat' dir='ltr'><em>ciae,</em></span> <span class='ocrx_word' id='word_1_227' title='bbox 304 3311 409 3400; x_wconf 86' lang='lat' dir='ltr'><em>probe</em></span> <span class='ocrx_word' id='word_1_228' title='bbox 433 3332 602 3380; x_wconf 84' lang='lat' dir='ltr'><em>memores</em></span> <span class='ocrx_word' id='word_1_229' title='bbox 637 3318 786 3378; x_wconf 90' lang='lat' dir='ltr'><em>matrem</em></span> <span class='ocrx_word' id='word_1_230' title='bbox 810 3332 907 3379; x_wconf 91' lang='lat' dir='ltr'><em>suam</em></span> <span class='ocrx_word' id='word_1_231' title='bbox 932 3334 954 3379; x_wconf 87' lang='lat' dir='ltr'><em>a</em></span> <span class='ocrx_word' id='word_1_232' title='bbox 985 3309 1139 3401; x_wconf 91' lang='lat' dir='ltr'><em>pluribus</em></span> <span class='ocrx_word' id='word_1_233' title='bbox 1169 3309 1267 3380; x_wconf 91' lang='lat' dir='ltr'><em>annis</em></span> <span class='ocrx_word' id='word_1_234' title='bbox 1292 3309 1337 3378; x_wconf 90' lang='lat' dir='ltr'><em>ab</em></span> <span class='ocrx_word' id='word_1_235' title='bbox 1360 3308 1427 3379; x_wconf 90' lang='lat' dir='ltr'><em>hac</em></span> <span class='ocrx_word' id='word_1_236' title='bbox 1451 3309 1688 3381; x_wconf 87' lang='lat' dir='ltr'><em>iurisdictione</em></span> 
     </span>
     <span class='ocr_line' id='line_1_27' title="bbox 187 3424 1690 3516; baseline 0.001 -22"><span class='ocrx_word' id='word_1_237' title='bbox 187 3435 372 3510; x_wconf 78' lang='lat' dir='ltr'><em>onemtam¹</em></span> <span class='ocrx_word' id='word_1_238' title='bbox 399 3447 492 3511; x_wconf 86' lang='lat' dir='ltr'><em>esse,</em></span> <span class='ocrx_word' id='word_1_239' title='bbox 518 3449 589 3495; x_wconf 88' lang='lat' dir='ltr'><em>rem</em></span> <span class='ocrx_word' id='word_1_240' title='bbox 616 3425 704 3495; x_wconf 88' lang='lat' dir='ltr'><em>hanc</em></span> <span class='ocrx_word' id='word_1_241' title='bbox 739 3425 888 3495; x_wconf 90' lang='lat' dir='ltr'><em>Romam</em></span> <span class='ocrx_word' id='word_1_242' title='bbox 923 3424 1141 3515; x_wconf 86' lang='lat' dir='ltr'><em>detulerunt3</em></span> <span class='ocrx_word' id='word_1_243' title='bbox 1176 3425 1299 3516; x_wconf 90' lang='lat' dir='ltr'><em>quibus</em></span> <span class='ocrx_word' id='word_1_244' title='bbox 1322 3425 1482 3495; x_wconf 82' lang='lat' dir='ltr'><em>Minister</em></span> <span class='ocrx_word' id='word_1_245' title='bbox 1505 3424 1690 3496; x_wconf 88' lang='lat' dir='ltr'><em>Generalis</em></span> 
     </span>
     <span class='ocr_line' id='line_1_28' title="bbox 189 3539 1687 3632; baseline 0.001 -24"><span class='ocrx_word' id='word_1_246' title='bbox 189 3564 248 3631; x_wconf 90' lang='lat' dir='ltr'><em>per</em></span> <span class='ocrx_word' id='word_1_247' title='bbox 271 3540 536 3610; x_wconf 89' lang='lat' dir='ltr'><em>Procuratorem</em></span> <span class='ocrx_word' id='word_1_248' title='bbox 556 3539 738 3632; x_wconf 89' lang='lat' dir='ltr'><em>respondit,</em></span> <span class='ocrx_word' id='word_1_249' title='bbox 758 3563 793 3609; x_wconf 89' lang='lat' dir='ltr'><em>se</em></span> <span class='ocrx_word' id='word_1_250' title='bbox 811 3562 985 3631; x_wconf 84' lang='lat' dir='ltr'><em>nunquam</em></span> <span class='ocrx_word' id='word_1_251' title='bbox 1005 3540 1165 3622; x_wconf 88' lang='lat' dir='ltr'><em>habuisse</em></span> <span class='ocrx_word' id='word_1_252' title='bbox 1182 3540 1405 3610; x_wconf 89' lang='lat' dir='ltr'><em>intentionem</em></span> <span class='ocrx_word' id='word_1_253' title='bbox 1422 3539 1687 3632; x_wconf 88' lang='lat' dir='ltr'><em>praeiudicandi</em></span> 
     </span>
     <span class='ocr_line' id='line_1_29' title="bbox 187 3655 1689 3749; baseline 0.003 -26"><span class='ocrx_word' id='word_1_254' title='bbox 187 3656 395 3748; x_wconf 81' lang='lat' dir='ltr'><em>exeruptioni</em></span> <span class='ocrx_word' id='word_1_255' title='bbox 423 3655 624 3727; x_wconf 87' lang='lat' dir='ltr'><em>Provinciae</em></span> <span class='ocrx_word' id='word_1_256' title='bbox 648 3655 861 3749; x_wconf 80' lang='lat' dir='ltr'><em>Tyrolensis,</em></span> <span class='ocrx_word' id='word_1_257' title='bbox 888 3656 1046 3742; x_wconf 88' lang='lat' dir='ltr'><em>titulum,</em></span> <span class='ocrx_word' id='word_1_258' title='bbox 1078 3656 1225 3746; x_wconf 73' lang='lat' dir='ltr'><em>Aegitlio</em></span> <span class='ocrx_word' id='word_1_259' title='bbox 1250 3655 1383 3726; x_wconf 83' lang='lat' dir='ltr'><em>Schiesl</em></span> <span class='ocrx_word' id='word_1_260' title='bbox 1408 3655 1542 3743; x_wconf 90' lang='lat' dir='ltr'><em>datum,</em></span> <span class='ocrx_word' id='word_1_261' title='bbox 1566 3679 1611 3727; x_wconf 84' lang='lat' dir='ltr'><em>ex</em></span> <span class='ocrx_word' id='word_1_262' title='bbox 1633 3681 1689 3727; x_wconf 90' lang='lat' dir='ltr'><em>er·</em></span> 
     </span>
     <span class='ocr_line' id='line_1_30' title="bbox 189 3773 1684 3865; baseline 0.004 -25"><span class='ocrx_word' id='word_1_263' title='bbox 189 3795 264 3843; x_wconf 89' lang='lat' dir='ltr'><em>rore</em></span> <span class='ocrx_word' id='word_1_264' title='bbox 287 3773 463 3865; x_wconf 88' lang='lat' dir='ltr'><em>scriptoris</em></span> <span class='ocrx_word' id='word_1_265' title='bbox 485 3788 598 3844; x_wconf 90' lang='lat' dir='ltr'><em>ortum</em></span> <span class='ocrx_word' id='word_1_266' title='bbox 624 3774 762 3844; x_wconf 83' lang='lat' dir='ltr'><em>duxisse</em></span> <span class='ocrx_word' id='word_1_267' title='bbox 786 3785 819 3844; x_wconf 87' lang='lat' dir='ltr'><em>et</em></span> <span class='ocrx_word' id='word_1_268' title='bbox 846 3774 1048 3844; x_wconf 84' lang='lat' dir='ltr'><em>facultatem</em></span> <span class='ocrx_word' id='word_1_269' title='bbox 1074 3775 1106 3844; x_wconf 92' lang='lat' dir='ltr'><em>ei</em></span> <span class='ocrx_word' id='word_1_270' title='bbox 1131 3774 1251 3844; x_wconf 90' lang='lat' dir='ltr'><em>datam</em></span> <span class='ocrx_word' id='word_1_271' title='bbox 1276 3776 1345 3846; x_wconf 91' lang='lat' dir='ltr'><em>iam</em></span> <span class='ocrx_word' id='word_1_272' title='bbox 1373 3784 1571 3846; x_wconf 90' lang='lat' dir='ltr'><em>revocatam</em></span> <span class='ocrx_word' id='word_1_273' title='bbox 1595 3798 1684 3847; x_wconf 87' lang='lat' dir='ltr'><em>esse.</em></span> 
     </span>
     <span class='ocr_line' id='line_1_31' title="bbox 189 3888 1687 3983; baseline 0.002 -25"><span class='ocrx_word' id='word_1_274' title='bbox 189 3888 427 3959; x_wconf 86' lang='lat' dir='ltr'><em>Perdinandus</em></span> <span class='ocrx_word' id='word_1_275' title='bbox 450 3889 604 3976; x_wconf 89' lang='lat' dir='ltr'><em>Carolus,</em></span> <span class='ocrx_word' id='word_1_276' title='bbox 629 3890 791 3982; x_wconf 89' lang='lat' dir='ltr'><em>Princeps</em></span> <span class='ocrx_word' id='word_1_277' title='bbox 815 3889 992 3980; x_wconf 72' lang='lat' dir='ltr'><em>Tyroleos</em></span> <span class='ocrx_word' id='word_1_278' title='bbox 1010 3889 1138 3960; x_wconf 91' lang='lat' dir='ltr'><em>limites</em></span> <span class='ocrx_word' id='word_1_279' title='bbox 1163 3890 1364 3960; x_wconf 83' lang='lat' dir='ltr'><em>Provinciae</em></span> <span class='ocrx_word' id='word_1_280' title='bbox 1381 3889 1410 3959; x_wconf 90' lang='lat' dir='ltr'>T</span> <span class='ocrx_word' id='word_1_281' title='bbox 1412 3889 1584 3983; x_wconf 86' lang='lat' dir='ltr'><em>yroleusis</em></span> <span class='ocrx_word' id='word_1_282' title='bbox 1607 3914 1687 3962; x_wconf 87' lang='lat' dir='ltr'><em>con-</em></span> 
     </span>
     <span class='ocr_line' id='line_1_32' title="bbox 189 4005 1689 4097; baseline 0.001 -23"><span class='ocrx_word' id='word_1_283' title='bbox 189 4020 244 4074; x_wconf 87' lang='lat' dir='ltr'><em>tra</em></span> <span class='ocrx_word' id='word_1_284' title='bbox 268 4006 297 4075; x_wconf 86' lang='lat' dir='ltr'>T</span> <span class='ocrx_word' id='word_1_285' title='bbox 302 4006 507 4075; x_wconf 87' lang='lat' dir='ltr'><em>ridentinam</em></span> <span class='ocrx_word' id='word_1_286' title='bbox 532 4027 585 4075; x_wconf 89' lang='lat' dir='ltr'><em>an.</em></span> <span class='ocrx_word' id='word_1_287' title='bbox 615 4005 700 4077; x_wconf 63' lang='lat' dir='ltr'><em>lent</em></span> <span class='ocrx_word' id='word_1_288' title='bbox 723 4007 876 4097; x_wconf 87' lang='lat' dir='ltr'><em>sequenti</em></span> <span class='ocrx_word' id='word_1_289' title='bbox 894 4006 1048 4092; x_wconf 89' lang='lat' dir='ltr'><em>decreto,</em></span> <span class='ocrx_word' id='word_1_290' title='bbox 1073 4006 1117 4075; x_wconf 89' lang='lat' dir='ltr'><em>ad</em></span> <span class='ocrx_word' id='word_1_291' title='bbox 1143 4006 1398 4097; x_wconf 72' lang='lat' dir='ltr'><em>Wollpangum</em></span> <span class='ocrx_word' id='word_1_292' title='bbox 1422 4005 1560 4094; x_wconf 88' lang='lat' dir='ltr'><em>Grindl,</em></span> <span class='ocrx_word' id='word_1_293' title='bbox 1585 4007 1689 4077; x_wconf 91' lang='lat' dir='ltr'><em>Mini-</em></span> 
     </span>
     <span class='ocr_line' id='line_1_33' title="bbox 187 4121 1688 4212; baseline 0.002 -23"><span class='ocrx_word' id='word_1_294' title='bbox 187 4134 298 4189; x_wconf 89' lang='lat' dir='ltr'><em>strum</em></span> <span class='ocrx_word' id='word_1_295' title='bbox 324 4121 573 4191; x_wconf 88' lang='lat' dir='ltr'><em>Provincialem</em></span> <span class='ocrx_word' id='word_1_296' title='bbox 599 4121 740 4206; x_wconf 85' lang='lat' dir='ltr'><em>directe,</em></span> <span class='ocrx_word' id='word_1_297' title='bbox 767 4144 845 4191; x_wconf 84' lang='lat' dir='ltr'><em>mox</em></span> <span class='ocrx_word' id='word_1_298' title='bbox 869 4121 1054 4212; x_wconf 74' lang='lat' dir='ltr'><em>allegando</em></span> <span class='ocrx_word' id='word_1_299' title='bbox 1079 4122 1235 4191; x_wconf 88' lang='lat' dir='ltr'><em>munivit.</em></span> <span class='ocrx_word' id='word_1_300' title='bbox 1261 4122 1458 4192; x_wconf 88' lang='lat' dir='ltr'><em>Dominicus</em></span> <span class='ocrx_word' id='word_1_301' title='bbox 1483 4143 1504 4191; x_wconf 87' lang='lat' dir='ltr'><em>a</em></span> <span class='ocrx_word' id='word_1_302' title='bbox 1528 4121 1688 4192; x_wconf 88' lang='lat' dir='ltr'><em>Trevisio</em></span> 
     </span>
     <span class='ocr_line' id='line_1_34' title="bbox 189 4236 1686 4328; baseline 0.001 -23"><span class='ocrx_word' id='word_1_303' title='bbox 189 4236 290 4306; x_wconf 90' lang='lat' dir='ltr'><em>Prov.</em></span> <span class='ocrx_word' id='word_1_304' title='bbox 318 4237 352 4306; x_wconf 85' lang='lat' dir='ltr'><em>S.</em></span> <span class='ocrx_word' id='word_1_305' title='bbox 377 4238 457 4305; x_wconf 71' lang='lat' dir='ltr'><em>Ant.</em></span> <span class='ocrx_word' id='word_1_306' title='bbox 482 4237 561 4307; x_wconf 85' lang='lat' dir='ltr'><em>Res.</em></span> <span class='ocrx_word' id='word_1_307' title='bbox 599 4237 787 4322; x_wconf 60' lang='lat' dir='ltr'><em>alumnus</em></span> <span class='ocrx_word' id='word_1_308' title='bbox 824 4236 994 4308; x_wconf 86' lang='lat' dir='ltr'><em>Visitator</em></span> <span class='ocrx_word' id='word_1_309' title='bbox 1030 4238 1293 4308; x_wconf 81' lang='lat' dir='ltr'><em>Commissarius</em></span> <span class='ocrx_word' id='word_1_310' title='bbox 1328 4238 1430 4309; x_wconf 88' lang='lat' dir='ltr'><em>Prov.</em></span> <span class='ocrx_word' id='word_1_311' title='bbox 1468 4236 1686 4328; x_wconf 77' lang='lat' dir='ltr'><em>TyrolensiS,</em></span> 
     </span>
     <span class='ocr_line' id='line_1_35' title="bbox 188 4353 1687 4446; baseline 0.002 -26"><span class='ocrx_word' id='word_1_312' title='bbox 188 4375 266 4423; x_wconf 87' lang='lat' dir='ltr'><em>cam</em></span> <span class='ocrx_word' id='word_1_313' title='bbox 292 4354 323 4422; x_wconf 92' lang='lat' dir='ltr'><em>in</em></span> <span class='ocrx_word' id='word_1_314' title='bbox 350 4353 542 4445; x_wconf 87' lang='lat' dir='ltr'><em>Calepodiis</em></span> <span class='ocrx_word' id='word_1_315' title='bbox 569 4354 801 4444; x_wconf 90' lang='lat' dir='ltr'><em>perlustrans,</em></span> <span class='ocrx_word' id='word_1_316' title='bbox 826 4353 881 4421; x_wconf 90' lang='lat' dir='ltr'><em>vir</em></span> <span class='ocrx_word' id='word_1_317' title='bbox 905 4355 1031 4446; x_wconf 90' lang='lat' dir='ltr'><em>pietate</em></span> <span class='ocrx_word' id='word_1_318' title='bbox 1047 4354 1326 4424; x_wconf 82' lang='lat' dir='ltr'><em>extraordinaria</em></span> <span class='ocrx_word' id='word_1_319' title='bbox 1351 4360 1536 4444; x_wconf 84' lang='lat' dir='ltr'><em>praestans,</em></span> <span class='ocrx_word' id='word_1_320' title='bbox 1563 4353 1596 4421; x_wconf 92' lang='lat' dir='ltr'><em>in</em></span> <span class='ocrx_word' id='word_1_321' title='bbox 1622 4353 1687 4423; x_wconf 86' lang='lat' dir='ltr'><em>Go-</em></span> 
     </span>
     <span class='ocr_line' id='line_1_36' title="bbox 187 4467 1686 4560; baseline -0.001 -23"><span class='ocrx_word' id='word_1_322' title='bbox 187 4468 293 4537; x_wconf 89' lang='lat' dir='ltr'><em>mitiis</em></span> <span class='ocrx_word' id='word_1_323' title='bbox 317 4467 590 4537; x_wconf 82' lang='lat' dir='ltr'><em>Provincialilurs</em></span> <span class='ocrx_word' id='word_1_324' title='bbox 614 4468 730 4559; x_wconf 89' lang='lat' dir='ltr'><em>Oenip.</em></span> <span class='ocrx_word' id='word_1_325' title='bbox 755 4490 808 4538; x_wconf 72' lang='lat' dir='ltr'><em>atu.</em></span> <span class='ocrx_word' id='word_1_326' title='bbox 833 4469 889 4538; x_wconf 90' lang='lat' dir='ltr'><em>cit.</em></span> <span class='ocrx_word' id='word_1_327' title='bbox 914 4468 969 4539; x_wconf 91' lang='lat' dir='ltr'><em>die</em></span> <span class='ocrx_word' id='word_1_328' title='bbox 996 4469 1046 4539; x_wconf 83' lang='lat' dir='ltr'><em>lo.</em></span> <span class='ocrx_word' id='word_1_329' title='bbox 1073 4470 1165 4560; x_wconf 87' lang='lat' dir='ltr'><em>Sept.</em></span> <span class='ocrx_word' id='word_1_330' title='bbox 1195 4469 1314 4538; x_wconf 80' lang='lat' dir='ltr'><em>stricte</em></span> <span class='ocrx_word' id='word_1_331' title='bbox 1339 4467 1504 4553; x_wconf 88' lang='lat' dir='ltr'><em>inhibuit,</em></span> <span class='ocrx_word' id='word_1_332' title='bbox 1532 4491 1573 4537; x_wconf 78' lang='lat' dir='ltr'><em>no</em></span> <span class='ocrx_word' id='word_1_333' title='bbox 1598 4467 1686 4538; x_wconf 89' lang='lat' dir='ltr'><em>Par-</em></span> 
     </span>
     <span class='ocr_line' id='line_1_37' title="bbox 190 4582 1651 4677; baseline 0.001 -25"><span class='ocrx_word' id='word_1_334' title='bbox 190 4584 307 4652; x_wconf 84' lang='lat' dir='ltr'><em>thenia</em></span> <span class='ocrx_word' id='word_1_335' title='bbox 331 4584 584 4654; x_wconf 77' lang='lat' dir='ltr'><em>Tertianarum</em></span> <span class='ocrx_word' id='word_1_336' title='bbox 610 4584 681 4654; x_wconf 92' lang='lat' dir='ltr'><em>sine</em></span> <span class='ocrx_word' id='word_1_337' title='bbox 705 4607 869 4675; x_wconf 85' lang='lat' dir='ltr'><em>expressa</em></span> <span class='ocrx_word' id='word_1_338' title='bbox 895 4585 992 4654; x_wconf 81' lang='lat' dir='ltr'><em>Sedis</em></span> <span class='ocrx_word' id='word_1_339' title='bbox 1017 4584 1234 4677; x_wconf 84' lang='lat' dir='ltr'><em>Apostolicae</em></span> <span class='ocrx_word' id='word_1_340' title='bbox 1257 4583 1398 4654; x_wconf 90' lang='lat' dir='ltr'><em>licentia</em></span> <span class='ocrx_word' id='word_1_341' title='bbox 1422 4582 1651 4654; x_wconf 55' lang='lat' dir='ltr'><em>alienemur&amp;</em></span> 
     </span>
    </p>

    <p class='ocr_par' dir='ltr' id='par_1_4' title="bbox 279 4698 1408 4785">
     <span class='ocr_line' id='line_1_38' title="bbox 279 4698 1408 4785; baseline 0.001 -17"><span class='ocrx_word' id='word_1_342' title='bbox 279 4698 536 4769; x_wconf 77' lang='lat' dir='ltr'><em>Ferrliaondns</em></span> <span class='ocrx_word' id='word_1_343' title='bbox 566 4699 725 4785; x_wconf 82' lang='lat' dir='ltr'><em>Carolus,</em></span> <span class='ocrx_word' id='word_1_344' title='bbox 751 4701 821 4769; x_wconf 86' lang='lat' dir='ltr'><em>Dei</em></span> <span class='ocrx_word' id='word_1_345' title='bbox 847 4700 983 4771; x_wconf 84' lang='lat' dir='ltr'><em>Gratia</em></span> <span class='ocrx_word' id='word_1_346' title='bbox 1009 4700 1201 4770; x_wconf 78' lang='lat' dir='ltr'><em>Arcliidiaa</em></span> <span class='ocrx_word' id='word_1_347' title='bbox 1225 4701 1408 4770; x_wconf 51' lang='lat' dir='ltr'><em>illistriac.</em></span> 
     </span>
    </p>

    <p class='ocr_par' dir='ltr' id='par_1_5' title="bbox 189 4814 1685 5025">
     <span class='ocr_line' id='line_1_39' title="bbox 279 4814 1685 4906; baseline 0 -22"><span class='ocrx_word' id='word_1_348' title='bbox 279 4814 520 4899; x_wconf 80' lang='lat' dir='ltr'><em>Honorabilis,</em></span> <span class='ocrx_word' id='word_1_349' title='bbox 544 4817 718 4906; x_wconf 79' lang='lat' dir='ltr'><em>relipiose,</em></span> <span class='ocrx_word' id='word_1_350' title='bbox 742 4817 863 4887; x_wconf 81' lang='lat' dir='ltr'><em>denote</em></span> <span class='ocrx_word' id='word_1_351' title='bbox 886 4843 928 4887; x_wconf 87' lang='lat' dir='ltr'><em>oc</em></span> <span class='ocrx_word' id='word_1_352' title='bbox 950 4817 1088 4887; x_wconf 84' lang='lat' dir='ltr'><em>sincere</em></span> <span class='ocrx_word' id='word_1_353' title='bbox 1104 4816 1215 4887; x_wconf 80' lang='lat' dir='ltr'><em>Nobis</em></span> <span class='ocrx_word' id='word_1_354' title='bbox 1234 4816 1381 4901; x_wconf 90' lang='lat' dir='ltr'><em>dilecte,</em></span> <span class='ocrx_word' id='word_1_355' title='bbox 1397 4840 1478 4886; x_wconf 78' lang='lat' dir='ltr'><em>cirin</em></span> <span class='ocrx_word' id='word_1_356' title='bbox 1505 4814 1555 4885; x_wconf 87' lang='lat' dir='ltr'><em>ud</em></span> <span class='ocrx_word' id='word_1_357' title='bbox 1576 4839 1685 4886; x_wconf 75' lang='lat' dir='ltr'><em>arares</em></span> 
     </span>
     <span class='ocr_line' id='line_1_40' title="bbox 189 4929 1684 5025; baseline 0 -24"><span class='ocrx_word' id='word_1_358' title='bbox 189 4932 343 5001; x_wconf 74' lang='lat' dir='ltr'><em>Nostrae</em></span> <span class='ocrx_word' id='word_1_359' title='bbox 354 4933 582 5024; x_wconf 68' lang='lat' dir='ltr'><em>pervenerit,</em></span> <span class='ocrx_word' id='word_1_360' title='bbox 599 4940 771 5025; x_wconf 80' lang='lat' dir='ltr'><em>qnatenus</em></span> <span class='ocrx_word' id='word_1_361' title='bbox 788 4933 950 5004; x_wconf 79' lang='grc'>0010100</span> <span class='ocrx_word' id='word_1_362' title='bbox 967 4933 1129 5005; x_wconf 82' lang='lat' dir='ltr'><em>nonnulli</em></span> <span class='ocrx_word' id='word_1_363' title='bbox 1150 4933 1513 5005; x_wconf 80' lang='lat' dir='ltr'><em>Ultronaontunorurn</em></span> <span class='ocrx_word' id='word_1_364' title='bbox 1534 4929 1684 5002; x_wconf 76' lang='lat' dir='ltr'><em>Ordinis</em></span> 
     </span>
    </p>
   </div>
   <div class='ocr_carea' id='block_1_3' title="bbox 295 5212 1685 5366">
    <p class='ocr_par' dir='ltr' id='par_1_6' title="bbox 295 5212 1685 5366">
     <span class='ocr_line' id='line_1_41' title="bbox 296 5212 1685 5279; baseline -0.001 -13"><span class='ocrx_word' id='word_1_365' title='bbox 296 5215 302 5248; x_wconf 85' lang='lat'>¹</span> <span class='ocrx_word' id='word_1_366' title='bbox 326 5217 439 5267; x_wconf 80' lang='lat' dir='ltr'><em>Monuni.</em></span> <span class='ocrx_word' id='word_1_367' title='bbox 460 5215 534 5266; x_wconf 72' lang='lat' dir='ltr'><em>Prin·¹</em></span> <span class='ocrx_word' id='word_1_368' title='bbox 555 5214 643 5278; x_wconf 81' lang='lat' dir='ltr'><em>Tyrul.</em></span> <span class='ocrx_word' id='word_1_369' title='bbox 664 5213 926 5279; x_wconf 73' lang='grc'>111101118110011,</span> <span class='ocrx_word' id='word_1_370' title='bbox 947 5215 976 5266; x_wconf 86' lang='lat' dir='ltr'><em>T.</em></span> <span class='ocrx_word' id='word_1_371' title='bbox 997 5212 1020 5265; x_wconf 78' lang='grc'><em>1.</em></span> <span class='ocrx_word' id='word_1_372' title='bbox 1042 5229 1067 5278; x_wconf 91' lang='lat' dir='ltr'><em>p.</em></span> <span class='ocrx_word' id='word_1_373' title='bbox 1087 5216 1130 5266; x_wconf 81' lang='lat'><em>86.</em></span> <span class='ocrx_word' id='word_1_374' title='bbox 1149 5213 1269 5267; x_wconf 88' lang='lat' dir='ltr'><em>Cbrouol.</em></span> <span class='ocrx_word' id='word_1_375' title='bbox 1290 5214 1351 5267; x_wconf 89' lang='lat' dir='ltr'><em>Ord.</em></span> <span class='ocrx_word' id='word_1_376' title='bbox 1371 5221 1388 5267; x_wconf 86' lang='lat' dir='ltr'><em>t</em></span> <span class='ocrx_word' id='word_1_377' title='bbox 1411 5214 1435 5264; x_wconf 89' lang='grc'><em>3.</em></span> <span class='ocrx_word' id='word_1_378' title='bbox 1460 5220 1525 5277; x_wconf 81' lang='lat' dir='ltr'><em>part.</em></span> <span class='ocrx_word' id='word_1_379' title='bbox 1554 5213 1570 5264; x_wconf 93' lang='grc'><em>1.</em></span> <span class='ocrx_word' id='word_1_380' title='bbox 1590 5226 1617 5277; x_wconf 90' lang='lat' dir='ltr'><em>p.</em></span> <span class='ocrx_word' id='word_1_381' title='bbox 1640 5213 1685 5264; x_wconf 83' lang='lat'><em>26.</em></span> 
     </span>
     <span class='ocr_line' id='line_1_42' title="bbox 295 5313 542 5366; baseline 0 -2"><span class='ocrx_word' id='word_1_382' title='bbox 295 5313 306 5348; x_wconf 76' lang='lat'><strong>²</strong></span> <span class='ocrx_word' id='word_1_383' title='bbox 325 5314 439 5366; x_wconf 83' lang='lat' dir='ltr'><em>Monuni.</em></span> <span class='ocrx_word' id='word_1_384' title='bbox 459 5315 542 5364; x_wconf 80' lang='lat' dir='ltr'><em>ciana</em></span> 
     </span>
    </p>
   </div>
   <div class='ocr_carea' id='block_1_4' title="bbox 0 0 1890 6082">
    <p class='ocr_par' dir='ltr' id='par_1_7' title="bbox 0 0 1890 6082">
     <span class='ocr_line' id='line_1_43' title="bbox 0 0 1890 6082; baseline 0 0"><span class='ocrx_word' id='word_1_385' title='bbox 0 0 1890 6082; x_wconf 95' lang='lat' dir='ltr'><em> </em></span> 
     </span>
    </p>
   </div>
  </div>
 </body>
</html>
