3766 6090
192 393 237 466 58
595 457 597 462 .
839 417 1041 468 canopicon

189 562 233 610 ex
256 548 366 610 morte
390 542 432 611 D.
456 540 595 611 Antonii
632 539 770 612 Cleselii
806 548 1032 628 evacuatam,
1058 541 1126 611 iam
1150 541 1234 611 olim
1257 564 1280 611 a
1303 541 1429 612 Ioanne
1452 541 1552 613 Naso
1575 540 1683 636 provi-

190 677 282 742 sam,
305 654 548 726 Franciscauis
571 654 691 727 eodem
717 655 831 727 adhuc
854 677 910 726 an.
934 655 1147 728 concredidit
1161 659 1180 726 ¹.

278 769 332 840 51.
357 770 598 842 Ferdiuandus
621 771 662 840 ll.
686 770 815 842 Caesar
830 793 887 841 an.
915 770 1134 842 16220100.
1164 770 1346 842 Februarii
1381 793 1459 841 cum
1496 771 1684 858 Eleonora,

190 885 335 956 Ducissa
358 887 567 974 Mantuano,
586 888 620 956 in
636 886 780 979 Templo
805 887 906 957 huius
922 887 1118 959 Conventus
1141 887 1311 959 solemnes
1334 885 1471 980 nuptias
1494 888 1581 959 iniit.
1606 887 1686 958 100

190 1001 310 1094 poldus
331 1001 530 1090 Archidux,
555 1001 724 1096 Tyroleos
746 1001 929 1096 Princeps,
954 1002 1163 1093 gravissima
1186 1002 1406 1095 aegritudine
1429 1024 1485 1072 an.
1513 1002 1602 1074 1623
1617 1026 1687 1073 cor-

190 1127 315 1211 reptus,
337 1117 382 1187 ab
398 1117 547 1188 Heurico
564 1116 720 1211 Seylrid,
738 1117 898 1189 Ministro
913 1117 1016 1189 Prov.
1033 1118 1164 1210 Tyrol,
1181 1118 1239 1210 qui
1257 1117 1322 1211 ipsi
1338 1140 1472 1189 summe
1487 1117 1585 1189 cordi
1602 1128 1687 1206 erat,

187 1232 363 1303 consilium
387 1243 567 1325 expetens,
592 1233 638 1302 ad
662 1234 701 1304 B.
729 1232 936 1305 Paschalem
960 1233 1003 1303 de
1026 1234 1178 1327 Baylon‚
1203 1233 1404 1306 Minoritam
1430 1233 1687 1305 Discalceatum

189 1349 362 1420 miraculis
385 1348 621 1443 praeclarum,
645 1348 814 1437 directus,
839 1351 952 1442 prima
982 1348 1073 1420 facie
1097 1349 1202 1440 (sorte
1226 1349 1300 1419 Deo
1325 1348 1369 1419 ad
1396 1349 1563 1420 maiorem
1590 1351 1688 1420 Beati

187 1464 335 1556 gloriam
359 1465 570 1558 disponente)
594 1488 701 1556 aeger
725 1465 804 1535 huic
827 1465 968 1536 consilio
1004 1486 1069 1535 non
1104 1464 1297 1557 acquievit;
1332 1472 1387 1552 at,
1420 1465 1687 1557 ingravescente

187 1581 322 1667 morbo,
347 1581 381 1650 in
405 1582 477 1674 ipso
502 1566 587 1652 festo
612 1581 673 1652 88.
698 1581 859 1674 Corporis
881 1579 1033 1667 Christi,
1068 1588 1268 1651 occurrente
1303 1603 1343 1651 eo
1379 1602 1467 1651 anno
1507 1582 1596 1652 sesto
1626 1581 1687 1651 sati

189 1694 288 1765 Servi
315 1696 397 1783 Dei,
423 1705 536 1767 mente
560 1705 751 1784 scrutatuS,
775 1719 864 1789 quae
889 1697 927 1766 P.
953 1698 1121 1768 Heuricus
1145 1697 1191 1766 ab
1220 1719 1261 1767 eo
1283 1703 1533 1789 exoptaverat,
1564 1699 1686 1767 statim

186 1810 296 1903 ipsum
321 1834 498 1883 accersere
521 1813 641 1899 iussit,
665 1813 763 1903 eiquo
788 1813 849 1884 88.
875 1813 1003 1884 Missae
1039 1813 1249 1884 sacrificium
1284 1836 1402 1884 coram
1434 1835 1472 1884 se
1495 1811 1688 1898 litandum,

186 1925 320 1998 indixit.
345 1928 419 1999 Hoc
442 1927 615 2020 persoluto
641 1929 804 2019 Princeps
827 1927 940 1999 cordis
962 1935 1045 1999 vota
1075 1952 1133 1998 oro
1168 1929 1350 2020 expressit,
1386 1928 1598 2021 particulam
1633 1953 1688 1999 ca·

187 2042 289 2133 putii,
313 2042 404 2134 quod
427 2044 557 2113 Beatus
580 2043 701 2114 vivens
736 2043 928 2131 detulerat,
952 2044 1041 2115 collo
1064 2044 1235 2131 admovit,
1261 2052 1296 2115 et
1318 2067 1395 2115 eam
1421 2067 1482 2138 per
1504 2043 1687 2115 dimidiam

189 2155 262 2226 fere
287 2157 407 2229 horam
431 2157 653 2229 devotissime
678 2159 828 2229 retinuit.
864 2158 1030 2230 Mirabile
1061 2160 1177 2231 dictu!
1200 2159 1382 2231 Archidux
1406 2183 1492 2252 pene
1516 2161 1688 2232 instanta-

188 2293 250 2341 nee
274 2272 396 2362 fugato
412 2274 531 2345 morbo
553 2275 695 2345 sanitati
720 2275 929 2362 restituitur,
945 2275 991 2345 ad
1008 2274 1165 2346 Officium
1190 2276 1422 2366 vespertinum
1448 2275 1606 2347 eiusdem
1624 2276 1689 2346 diei

190 2410 263 2459 sese
286 2389 439 2474 confert,
464 2400 499 2459 et
522 2397 641 2460 votum
665 2390 708 2460 de
731 2390 847 2461 Altari
872 2392 906 2461 in
938 2391 1097 2462 honorem
1135 2392 1174 2461 B.
1200 2391 1380 2462 Paschalis
1410 2392 1445 2460 in
1470 2391 1631 2463 Ecclesia
1655 2391 1689 2462 S.

189 2503 309 2575 Crucis
332 2505 541 2576 exstruendo
564 2506 644 2577 edit.
669 2506 763 2577 Idem
787 2529 843 2577 an.
871 2506 958 2576 1636
981 2506 1035 2577 die
1063 2507 1112 2577 19.
1137 2507 1248 2599 April.
1272 2531 1349 2577 cum
1368 2506 1595 2578 Serenissima
1612 2507 1688 2577 DD.

193 2622 348 2711 Claudia,
373 2621 581 2692 Ferdinaudi
599 2624 623 2693 l.
644 2623 766 2714 Magni
790 2622 977 2694 Hetruriae
1001 2623 1109 2695 Ducis
1131 2623 1224 2710 filia,
1249 2622 1686 2694 Frideriei·Uba1diDueis

193 2738 393 2809 Urbineusis
417 2738 539 2826 vidua,
565 2739 599 2809 in
624 2738 780 2810 Ecclesia
803 2738 998 2809 Conventus
1021 2738 1189 2809 Praeside
1211 2718 1373 2810 Rvndiss.
1391 2760 1432 2809 ac
1448 2737 1585 2808 Celsiss
1611 2738 1686 2808 DD.

193 2854 319 2925 Paride
343 2877 364 2924 a
387 2855 541 2942 Ladron,
576 2855 844 2948 Archiepiscopo
875 2854 1147 2946 salisburgensi,
1183 2855 1216 2923 in
1252 2876 1375 2925 manus
1402 2853 1575 2947 nuptiales
1610 2875 1687 2925 000-

189 2971 301 3057 venit,
333 2980 368 3041 et
402 2972 458 3042 die
491 2971 665 3066 01001.
701 2971 878 3042 decretum
911 2993 943 3040 n.
971 2971 1020 3041 18.
1046 2982 1196 3058 tactum,
1220 2971 1255 3041 in
1279 2970 1432 3062 gratiam
1466 2969 1568 3041 huius
1601 2969 1686 3041 Con-

189 3096 311 3159 ventus
334 3090 503 3158 exaravit.
526 3089 689 3159 Gratiosa
712 3088 755 3157 D.
780 3086 985 3158 Elisabetha
1006 3086 1224 3174 Lindtnerin,
1260 3094 1344 3157 nata
1379 3085 1554 3171 Schaidin,
1579 3085 1685 3157 vidua

190 3204 379 3292 ditissima,
404 3205 557 3276 Clarissa
580 3206 644 3276 sub
665 3205 800 3276 nomine
835 3204 960 3275 Clarae
985 3205 1142 3274 lacomae
1165 3203 1329 3273 Brixinae
1352 3201 1495 3288 effecta,
1521 3208 1605 3272 vota
1633 3223 1684 3272 so-

189 3319 316 3390 lemnia
339 3343 392 3390 au.
422 3320 501 3390 1611
530 3342 745 3414 nuncupans,
769 3327 805 3390 et
828 3319 1014 3391 Conventui
1050 3319 1153 3389 aedes
1176 3339 1258 3388 suas
1288 3326 1323 3387 et
1358 3316 1497 3386 hortum
1520 3317 1686 3387 transcri-

188 3435 285 3522 bens,
310 3436 427 3505 varias
460 3436 697 3522 necessitates,
735 3424 954 3505 Provinciam
992 3445 1070 3504 tunc
1105 3434 1269 3526 temporis
1304 3440 1501 3526 prementes
1536 3430 1683 3503 sustulit.

188 3551 352 3621 Sereniss.
377 3551 557 3621 archidux
581 3552 728 3622 Carolus
752 3551 1006 3638 Ferdinandus,
1033 3550 1195 3621 Austriae
1220 3549 1403 3619 anterioris
1428 3548 1613 3633 Dominus,
1631 3569 1684 3616 an.

191 3666 352 3736 16161110
380 3666 429 3737 10.
454 3667 556 3754 lunii,
582 3689 659 3736 cum
684 3666 913 3737 Serenissima
936 3666 1011 3736 DD.
1046 3668 1155 3752 Arina,
1180 3664 1255 3734 filia
1279 3664 1393 3736 Cosmi
1413 3664 1451 3734 11.
1477 3664 1601 3753 Magni
1619 3663 1685 3732 He

188 3784 320 3853 truriae
345 3782 468 3871 Ducis,
505 3807 531 3854 s.
567 3783 777 3854 matrimonii
812 3782 949 3853 vinculo
984 3783 1039 3852 hic
1073 3782 1271 3853 coniunctus
1301 3781 1374 3850 fnit.
1399 3779 1619 3850 Innocentius
1643 3779 1686 3848 X.

186 3900 255 3968 PP.
280 3922 334 3969 au.
363 3898 449 3970 1619
465 3897 702 3989 Indulgentias
732 3898 908 3991 plenarias
943 3898 1119 3969 Ecclesiae
1144 3898 1340 3969 Conventus
1369 3895 1600 3987 Oenipontani
1627 3918 1686 3987 pro

188 4014 275 4086 festo
304 4014 338 4085 S.
363 4015 527 4108 Leopoldi
550 4015 709 4103 indulsit,
730 4023 766 4085 et
784 4013 922 4085 Bullam
948 4013 1134 4084 Clementis
1157 4014 1257 4100 Vlll,
1284 4035 1313 4083 n.
1342 4012 1392 4082 11.
1416 4010 1575 4098 allatam,
1602 4032 1686 4082 novo

187 4132 307 4202 robore
328 4130 447 4200 affecit
460 4134 482 4200 ².

274 4246 328 4318 52.
354 4247 519 4317 Sacristia
542 4255 577 4318 01
600 4247 838 4318 Refectorium
862 4247 895 4315 in
924 4269 1029 4332 nova,
1055 4256 1089 4317 et
1113 4245 1273 4339 ampliori
1299 4245 1414 4336 figura
1438 4265 1493 4314 an.
1523 4242 1620 4328 1650,
1647 4265 1687 4312 ac

185 4385 305 4433 murus
328 4363 466 4434 infimus
490 4363 583 4434 horti
607 4363 778 4434 inferioris
801 4385 855 4432 an.
884 4363 968 4434 1651
989 4363 1033 4434 ad
1050 4385 1148 4432 suum
1166 4385 1239 4432 esse
1256 4371 1495 4455 pervenerunt.
1514 4358 1687 4429 Sereniss.

186 4479 296 4565 Anna,
321 4478 527 4548 Arcliiducis
551 4479 666 4550 Caroli
691 4479 902 4549 Ferdiuandi
927 4480 1077 4565 coniux,
1097 4476 1459 4549 Vrec-Commissarios
1479 4474 1616 4544 Terrae
1641 4478 1686 4561 S,

185 4594 373 4687 Oeniponte
390 4616 479 4664 anno
507 4594 590 4665 1651
615 4618 655 4665 ac
678 4617 747 4686 seq.
773 4595 890 4666 sedem
918 4595 1078 4666 stabilem
1103 4594 1212 4686 ligare
1239 4600 1432 4680 tentanteS,
1458 4590 1595 4684 repulit.
1624 4590 1684 4661 80-

132 4955 135 4959 .
295 4911 302 4944 ¹
324 4913 436 4964 Menum.
457 4912 638 4965 0110106001.
658 4919 683 4964 ct
701 4911 772 4965 Cont.
794 4913 870 4965 Wud.
886 4915 936 4964 iam
951 4914 1026 4965 citati.
1047 4912 1118 4965 Cout.
1139 4912 1201 4965 Orb.
1221 4914 1328 4978 Sorapb.
1349 4918 1366 4964 t.
1386 4910 1410 4963 5.
1431 4925 1457 4976 p.
1477 4907 1537 4961 311.
1553 4908 1641 4961 llucb.
1661 4912 1687 4961 in

185 5009 280 5062 Clrron.
300 5011 347 5062 col.
368 5010 434 5074 561,
455 5010 521 5073 628,
541 5011 600 5061 6811.
620 5008 714 5062 Cbron.
735 5013 776 5062 cit.
798 5011 871 5062 l‘rov.
893 5011 981 5075 Tyrol.
1002 5026 1027 5076 p.
1048 5014 1072 5063 9.
1091 5010 1212 5064 vaouol.
1227 5010 1289 5062 Ord.
1310 5016 1326 5061 t.
1349 5011 1372 5061 l.
1392 5024 1417 5074 p.
1439 5007 1497 5060 131).
1518 5006 1622 5059 Tabula
1643 5005 1689 5060 Cn·

187 5109 259 5174 pitul.
279 5123 321 5160 an.
346 5107 419 5160 1571.

290 5206 301 5239 ²
321 5207 432 5259 llonum.
454 5206 670 5271 110131101οῑ
689 5204 769 5258 Couv.
784 5205 954 5272 Oenipontani
975 5207 1136 5260 Franciscnn.
1150 5206 1223 5260 Cant.
1239 5207 1301 5260 Orb.
1321 5209 1430 5272 Scrupb.
1446 5212 1462 5258 t.
1484 5204 1508 5256 t.
1528 5219 1556 5269 p.
1570 5204 1624 5255 330
1639 5211 1688 5258 otc.

186 5302 280 5356 Cbron.
300 5307 342 5355 rit.
362 5305 437 5356 Prov.
458 5305 547 5369 Tyrot.
567 5319 592 5369 p.
616 5302 672 5356 101.
