3766 6090
192 412 238 483 76
833 432 1035 483 crinomuou

194 555 240 627 tio
264 556 468 625 inconuulsa
489 562 722 648 permaneat,
747 579 789 624 oc
806 555 912 647 pleno
938 555 1018 625 iure
1029 554 1189 647 pandent
1208 554 1345 640 libera,
1368 554 1445 626 Nos
1465 565 1703 649 praesentem

189 671 363 763 papinum
385 670 499 761 siailli
519 670 651 741 Nostri
670 671 871 740 munimine
895 670 1113 742 roboramus.

280 787 416 857 Datum
441 786 478 855 iu
507 785 632 857 Castro
656 785 790 856 Nostro
814 785 851 855 in
879 786 1012 856 Octava
1045 786 1311 879 Assumpti'oni's
1334 786 1375 857 B.
1407 786 1577 879 Vi'rpinis
1602 811 1700 858 anno

191 901 234 972 ab
259 902 508 973 incarnatione
531 900 683 971 Domini
705 899 819 970 1262.

479 1106 690 1177 Ganaomus
715 1103 911 1177 Emscorus
935 1105 1078 1176 Snuvus
1102 1104 1303 1176 Suuvonuu
1328 1105 1398 1207 Dm

435 1301 638 1373 Venerabili
659 1301 795 1373 Fratri
815 1303 989 1396 Episcopo
1018 1301 1282 1373 Constanti'ensi
1300 1301 1452 1373 salutem

643 1427 678 1489 et
694 1419 931 1513 Apostolicom
948 1418 1232 1490 benedictionem.

285 1615 374 1686 Cum
408 1613 529 1685 dilecti
559 1614 655 1685 Filii
687 1614 841 1686 Fratres
875 1614 1054 1699 Minores,
1082 1635 1153 1684 non
1175 1637 1267 1708 qnae
1288 1638 1356 1685 sua
1377 1621 1482 1699 sunt,
1505 1615 1570 1684 sed
1601 1638 1695 1709 quae

191 1730 272 1801 Iesu
300 1730 437 1801 Cbristi
456 1739 685 1823 quaerentes,
710 1730 928 1822 lucrifacere
950 1731 1024 1801 Deo
1052 1729 1255 1800 desiderent
1275 1731 1418 1801 animas
1439 1732 1693 1824 si‘upulorum,

190 1856 226 1917 et
245 1871 305 1918 eos
328 1846 377 1917 ad
392 1847 673 1939 poenitentiam,
701 1854 878 1940 quantum
901 1871 939 1917 eo
958 1847 1193 1939 permittente
1213 1846 1287 1917 sibi
1305 1854 1359 1917 est
1374 1847 1563 1939 possibile,
1596 1871 1694 1919 reco-

190 1986 293 2046 care,
325 1962 381 2032 Tu
403 1970 437 2031 et
460 1961 529 2031 ulii
549 1961 791 2032 Ecclesi'arum
815 1960 1000 2047 Praelati,
1025 1970 1064 2030 ut
1088 1962 1127 2031 in
1151 1962 1278 2032 uestris
1294 1963 1516 2033 Dioecesibus
1531 1962 1690 2034 bornines

189 2078 239 2147 sic
263 2078 338 2148 Deo
362 2079 500 2170 accepti
520 2079 666 2148 ualeant
681 2079 906 2171 propanam,
929 2085 1027 2148 tanto
1044 2079 1155 2168 mapis
1171 2078 1335 2149 laborare
1352 2080 1544 2164 tenemini,
1560 2087 1690 2172 quanto

189 2197 350 2287 i'psorum
373 2217 484 2287 opera
506 2192 675 2285 dipniora
698 2194 919 2286 conspicitis,
942 2201 979 2263 et
1000 2193 1115 2285 mapi's
1135 2202 1279 2285 occepta
1295 2194 1333 2263 in
1349 2194 1460 2264 oculis
1477 2193 1690 2266 Salvatoris.

196 2309 285 2381 Cum
309 2311 423 2400 initur
448 2309 557 2378 iidem
580 2308 734 2379 Fratres
759 2310 866 2379 iuocta
891 2307 1136 2400 Friburpum,
1153 2309 1256 2379 cuius
1271 2308 1505 2380 Dibecesanus
1525 2307 1688 2395 ensistis,

191 2425 375 2519 quandum
410 2425 606 2495 Ecclesiam
628 2425 758 2496 babere
790 2425 981 2511 dicautur,
1016 2448 1106 2517 qiiae
1139 2424 1298 2496 nondum
1331 2433 1384 2495 est
1416 2426 1697 2498 consecrationis

192 2565 342 2612 munere
364 2541 547 2627 dedicata,
569 2550 605 2611 et
621 2550 775 2634 propter
797 2542 859 2611 boc
882 2565 905 2612 a
928 2541 1139 2633 quibusdam
1162 2542 1328 2632 matianis
1347 2541 1551 2612 bominibus
1569 2544 1609 2612 in
1626 2543 1707 2614 Dei

187 2665 222 2726 et
253 2657 413 2750 ipsorum
443 2665 658 2727 contemtum
699 2657 890 2750 Synapopa
921 2656 1074 2726 luda'co
1104 2656 1281 2727 derisorie
1316 2657 1537 2750 appelletur,
1577 2658 1714 2729 Nobis*

187 2771 375 2843 bumiliter
397 2773 667 2866 supplicarunt,
692 2781 735 2842 ut
753 2772 867 2843 eidem
892 2772 1072 2843 Ecclesiae
1093 2772 1220 2842 saltem
1244 2773 1294 2843 ad
1310 2781 1382 2844 tani
1398 2775 1698 2846 contunwliosam

190 2888 428 2977 ionominiam
452 2887 658 2958 abolendam
675 2912 747 2982 per
776 2887 826 2958 Te
847 2889 1050 2980 faceremus
1073 2912 1206 2958 munus
1228 2890 1503 2960 consecrationis
1528 2884 1737 2984 impendi‘

187 3013 221 3074 et
242 3005 314 3089 eis,
337 3003 464 3097 quibus
486 3007 719 3096 suffrapatur
737 3005 980 3098 mendicandi
999 3005 1168 3090 scientia,
1191 3012 1227 3074 et
1248 3005 1310 3074 boc
1334 3029 1358 3075 a
1380 3005 1552 3076 Minis‘ro
1586 3005 1737 3078 Onti-

189 3120 246 3188 nis
267 3128 319 3189 est
344 3119 544 3204 indultum,
571 3119 611 3188 id
630 3120 779 3214 exsequi
793 3144 864 3213 per
890 3128 990 3190 tuam
1013 3120 1208 3190 Dioecesim
1231 3120 1275 3190 de
1299 3120 1436 3193 Nostra
1451 3123 1691 3214 permissione

189 3235 319 3306 liceret.
344 3234 419 3305 Nos
444 3236 558 3327 ipitur
581 3236 817 3322 attendentes,
847 3259 972 3328 preces
995 3260 1118 3307 eorum
1139 3259 1178 3306 eo
1202 3259 1273 3308 esse
1295 3237 1534 3330 favorabilius
1557 3239 1690 3309 admit·

190 3352 334 3436 tendas,
358 3375 426 3445 quo
451 3353 565 3442 mopi's
588 3360 759 3445 apparet,
782 3352 878 3446 quod
904 3375 952 3422 ea·
973 3351 1036 3422 boc
1059 3376 1130 3422 non
1152 3352 1226 3422 sibi
1244 3352 1482 3439 solummodo,
1506 3354 1570 3424 sed
1592 3356 1737 3425 utili-⁴

190 3469 258 3537 tati
277 3468 478 3537 consulitur
500 3468 745 3558 stimulorum,
770 3468 1021 3538 Fraternituti
1036 3479 1118 3539 tuae
1132 3492 1199 3562 per
1214 3470 1416 3562 Apostoli'ca
1432 3472 1572 3564 scripta
1582 3495 1693 3565 prae·

187 3582 350 3675 cipiendo
375 3584 604 3669 iiiaiidamus,
639 3593 813 3676 quatenus
847 3584 887 3653 ob
921 3585 1161 3654 reuerentiam
1185 3584 1409 3676 Apostolicae
1432 3585 1536 3655 Sedis
1558 3595 1596 3656 et
1618 3587 1691 3658 No·

187 3712 301 3768 strom
325 3700 399 3769 sine
422 3699 574 3769 oliciu'us
597 3699 819 3791 difficultatis
843 3699 1017 3769 obstaculo
1040 3700 1091 3769 eis
1107 3700 1291 3793 postulato
1313 3701 1499 3785 concedas,
1516 3710 1691 3772 utsemen

187 3840 306 3886 serere
328 3821 489 3900 caleant,
513 3816 608 3909 oiiod
629 3841 699 3887 uon
723 3818 837 3908 perit,
861 3824 898 3885 ot
918 3839 1062 3885 messem
1089 3818 1125 3884 in
1143 3826 1290 3887 aeterna
1305 3818 1437 3887 borreu
1459 3840 1690 3909 conpreqare.

189 3932 428 4026 Praeceptiuii
452 3933 628 4004 Nostrum
654 3933 777 4002 taliter
803 3934 1035 4024 impleturus,
1059 3933 1155 4026 quod
1179 3933 1288 4003 iidem
1312 3957 1383 4004 non
1407 3942 1584 4023 coquntur
1601 3957 1693 4027 pro-

182 4057 269 4142 pter
293 4050 355 4120 lioc
378 4050 531 4127 ulterius
554 4049 604 4118 ad
625 4048 751 4118 Sedem
775 4049 1015 4140 Apostolicom
1039 4050 1223 4135 laborare,
1248 4073 1309 4119 uec
1333 4049 1408 4120 Nos
1438 4049 1524 4120 Tibi
1546 4051 1602 4121 vel
1624 4051 1696 4121 alii

188 4166 297 4236 aliter
319 4165 475 4236 scribere
498 4166 761 4258 compellamur.

278 4282 414 4351 Datum
439 4281 588 4352 Perusi'i
608 4282 656 4351 X.
680 4280 821 4352 Caleud.
843 4281 995 4367 Martii,
1014 4281 1253 4371 Pontificatus
1269 4281 1399 4352 Nostri
1413 4304 1506 4352 anno
1522 4284 1687 4354 secundo.

274 4513 330 4582 67.
354 4513 496 4583 Ioannes
520 4512 563 4582 de
587 4512 726 4599 Rheno,
752 4512 937 4605 Episcopus
961 4512 1198 4599 Velaniensis,
1223 4511 1385 4583 Vicarius
1405 4511 1590 4584 Generalis
1607 4513 1692 4607 Epi-

187 4629 277 4720 scopi
302 4629 588 4715 Constantiensis‚
614 4651 702 4699 auno
737 4629 820 4700 1314
844 4630 939 4699 XVI.
975 4627 1116 4699 Calend.
1142 4629 1227 4698 Maii
1251 4628 1389 4698 easdem
1425 4628 1691 4720 IndulgentiaS,

188 4768 228 4815 ac
253 4746 436 4833 Albertus,
461 4746 648 4839 Episcopus
672 4746 869 4832 InsulanuS,
887 4769 948 4838 pro
965 4745 1241 4815 benefactoribus
1258 4745 1452 4816 Conventus
1468 4743 1573 4816 dedit.
1596 4748 1694 4818 Ioan-

187 4884 246 4931 nes
268 4862 382 4932 XXII.
409 4861 478 4931 PP.
502 4884 556 4932 an.
586 4862 671 4932 1318
704 4861 851 4932 Officiali
887 4860 1131 4953 Friburgensi,
1168 4860 1278 4931 Priori
1314 4859 1624 4953 praedicatorum,
1658 4873 1695 4934 et

187 4977 359 5049 Minorum
385 4977 602 5064 Gaudiano,
627 4977 899 5049 commissionem
923 4976 1097 5067 quandam
1119 4974 1288 5046 attribuit.
1306 4976 1404 5048 Anno
1435 4975 1520 5046 1354
1540 4976 1691 5049 Fratres

187 5093 429 5165 Conventusa
464 5094 668 5186 quibusdam
706 5095 859 5186 personis
892 5102 1003 5164 status
1037 5092 1216 5163 Clericalis
1239 5100 1274 5163 et
1297 5091 1447 5163 Laicalis
1470 5091 1565 5163 haud
1592 5092 1693 5165 leves

187 5211 378 5280 sustinuere
402 5211 639 5281 calamitates.
664 5212 824 5295 Ioannes,
852 5209 1040 5303 Episcopus
1065 5208 1344 5299 argentinensis,
1361 5230 1405 5278 ex
1421 5207 1603 5279 voluntate
1621 5208 1696 5280 Pa·

187 5325 257 5416 pali
282 5348 450 5396 unacum
476 5326 772 5420 Archi-Episcopo
796 5325 1018 5417 Moguntim,
1043 5332 1077 5395 et
1102 5323 1267 5417 Episcopo
1299 5322 1557 5418 Herbipolensi,
1583 5323 1691 5396 iudex
