3766 6090
184 462 210 534 8
833 484 1037 536 cusouicou

185 605 291 677 ciclos
325 606 522 692 intersunt,
558 608 726 677 interesse
759 630 802 676 cc
837 629 954 677 rocem
989 607 1146 677 activam
1181 614 1219 678 et
1232 609 1421 701 passivam
1460 610 1500 679 in
1523 609 1692 682 electione

191 722 377 792 Generalis
411 722 581 793 Ministri
611 748 653 792 ac
688 722 769 793 aliis
804 722 952 813 neqotii's
981 722 1180 815 praedictis
1214 723 1372 795 babere:
1408 725 1598 820 eidemque
1631 727 1690 798 clo-

186 862 265 909 mus
288 862 331 908 ac
352 838 575 909 Monasteriu
597 839 648 907 sic
675 839 714 907 in
743 837 975 909 Provinciam
1002 838 1197 929 rediqencla
1220 839 1387 936 illiusque
1420 840 1689 915 Provi'noiulcm

187 953 399 1024 Ministrum
422 954 582 1024 omnibns
604 961 641 1024 et
660 954 808 1046 sinqulis
842 953 1099 1046 facultatibus,
1131 955 1280 1043 qratiis,
1310 954 1540 1047 privileqiis,
1572 981 1690 1028 euerri-

183 1070 385 1162 ptionibus,
408 1069 537 1164 quibus
560 1070 655 1141 aliae
677 1070 753 1140 eius
781 1068 929 1141 Ordinis
945 1068 1161 1140 Provinciae
1185 1070 1400 1164 illarumque
1415 1071 1587 1142 Ministri
1599 1073 1690 1144 Pro-

185 1185 356 1255 vinciales
379 1192 546 1271 utuntur,
564 1186 760 1278 potiuntur
774 1194 812 1255 et
828 1184 988 1275 pandent
1002 1209 1044 1256 ac
1059 1186 1132 1278 uti,
1150 1186 1270 1278 potiri
1291 1194 1327 1256 et
1337 1186 1497 1276 quinlere
1514 1198 1691 1283 poterunt

185 1299 446 1394 quomodolibet
468 1301 506 1369 in
528 1303 701 1391 futuru-m
725 1301 791 1387 uti,
810 1301 932 1393 potiri
951 1309 988 1370 et
1004 1301 1166 1393 pondere
1184 1324 1286 1394 posse
1300 1310 1440 1373 statuas
1454 1311 1490 1373 et
1504 1303 1688 1388 decernas,

186 1417 400 1487 mandantes
425 1417 463 1484 in
499 1417 634 1487 virtute
667 1441 693 1487 s.
729 1417 950 1488 obedientiae
972 1418 1152 1487 universis
1185 1425 1221 1487 et
1252 1417 1402 1509 sinqulis
1436 1419 1631 1491 domorum
1658 1430 1692 1491 et

187 1533 494 1603 Monosteriorum
516 1532 609 1602 dicti
634 1531 784 1603 Ordinis
807 1533 844 1602 in
867 1533 1038 1602 dominiis
1059 1541 1097 1604 et
1116 1533 1252 1603 ditione
1262 1535 1435 1626 praefati
1455 1533 1693 1605 Ferdinandi

188 1648 404 1718 Arciu'ducis
426 1649 706 1735 consistentibus,
731 1657 773 1719 ut
794 1648 962 1719 Ministro
987 1647 1230 1736 Provi'nciali,
1249 1657 1440 1742 postquam
1461 1652 1637 1722 canonice
1657 1660 1693 1722 et

188 1764 343 1852 lenitaue
365 1765 493 1835 electus
514 1766 658 1857 fuerit,
685 1773 855 1858 tanquam
890 1765 1050 1835 iiiernbra
1085 1766 1213 1858 cupiti,
1240 1773 1314 1836 tum
1349 1767 1388 1836 in
1417 1765 1493 1853 liis,
1517 1791 1615 1862 quae
1642 1768 1693 1838 ud

188 1904 332 1951 nicrum
352 1883 607 1952 correctionem
630 1890 665 1951 et
687 1882 948 1968 visitationem,
971 1906 1081 1975 qua-ni
1116 1881 1199 1952 aliis
1221 1882 1485 1977 quibuscunque
1512 1883 1565 1954 ad
1588 1907 1693 1976 requ-

191 1998 282 2068 lnris
305 1999 401 2068 vitae
422 1998 697 2084 observantiam,
721 2007 788 2068 uut
809 1999 884 2070 alic
902 1998 1141 2090 pertinentia,
1160 2006 1329 2091 prompte
1358 2007 1396 2069 et
1414 1998 1606 2071 lumiliter
1624 2023 1695 2093 pa·

188 2121 314 2198 rccnt,
338 2113 503 2184 obediant
523 2121 561 2183 et
578 2113 776 2183 intendant.
802 2113 885 2184 Non
916 2112 1130 2184 obstantibus
1163 2114 1344 2207 quibusvis
1377 2114 1694 2187 constitutionibus

188 2238 222 2298 et
245 2228 534 2299 ordinationibus
557 2228 772 2322 Apostolicis
794 2254 835 2300 uc
861 2230 1074 2314 iuramento,
1096 2230 1371 2320 confirmatione
1395 2228 1615 2322 Apostolica,
1640 2232 1696 2302 vol

189 2344 315 2435 quernis
336 2345 516 2436 firmitate
539 2344 614 2414 alic
637 2343 839 2430 roboratis,
873 2346 1019 2414 statutis
1053 2369 1095 2414 ao
1129 2344 1461 2431 consuetudinibus,
1479 2347 1694 2440 privileqi'is

188 2484 323 2555 qnoque
346 2459 492 2530 indultis
514 2469 550 2528 et
570 2460 701 2529 litteris
728 2460 936 2553 Apostolicis
964 2459 1098 2532 Ordini
1116 2460 1302 2554 praedicto
1334 2461 1500 2555 illiusque
1528 2465 1697 2556 superio-

187 2577 289 2647 ribus
311 2586 347 2645 et
361 2578 527 2670 personis
549 2575 614 2647 sub
637 2576 902 2669 quibuscunque
927 2576 1106 2647 tenoribus
1139 2584 1173 2647 et
1195 2577 1328 2666 scrinis
1351 2601 1393 2647 ac
1416 2601 1499 2647 oum
1521 2578 1696 2650 clausulis

188 2693 366 2783 quibusvis
390 2692 620 2762 irritantibus
642 2700 679 2762 et
700 2692 784 2762 aliis
806 2677 957 2762 decretis
977 2693 1020 2773 ‚in
1045 2715 1175 2783 paneri
1204 2692 1259 2761 vel
1289 2692 1326 2760 in
1359 2693 1474 2786 specie
1495 2695 1693 2786 quomode·

189 2808 275 2877 libet
295 2810 474 2894 concessis,
499 2809 707 2902 approbatis
729 2816 764 2877 et
788 2809 986 2895 innovatis..
1006 2807 1138 2885 Quibus
1161 2808 1340 2894 omnibus,
1368 2809 1516 2879 etiamsi
1534 2809 1581 2879 de
1620 2812 1694 2882 illis

187 2925 350 3018 sproi'ntis
371 2934 408 2995 et
432 2926 631 3011 iruliin'duu,
656 2948 726 2995 non
749 2933 869 2995 autem
886 2947 957 3017 per
972 2922 1150 2995 clausulas
1169 2923 1350 3015 ¹ipeiierales
1369 2924 1464 2994 idem
1489 2925 1696 3019 importun-

190 3052 259 3129 tcs,
296 3043 425 3113 nientio
460 3043 621 3113 babendo
655 3045 777 3134 soret,
814 3042 959 3111 illorum
985 3049 1120 3111 tenores
1145 3040 1397 3132 praesentibus
1416 3063 1487 3134 pro
1510 3046 1697 3135 cupressis

188 3159 360 3251 lriibentes,
385 3159 458 3228 illis
481 3158 573 3229 alias
598 3159 636 3226 in
658 3182 720 3228 suo
743 3157 869 3227 robore
886 3157 1153 3250 permansuris,
1188 3156 1254 3227 nu
1278 3157 1351 3226 vioe
1384 3156 1582 3228 duintuocut
1619 3184 1698 3253 spc-

188 3274 329 3345 cialitcr
352 3283 388 3343 et
409 3297 574 3367 cremasse
597 3275 825 3361 (trivan-inus,
847 3274 1040 3366 ceterisque
1061 3272 1257 3342 contrariis
1279 3272 1554 3366 quibuscunque.

279 3391 415 3459 Datum
440 3389 574 3459 Rornae
597 3389 697 3481 upiul
718 3389 754 3458 S.
781 3388 930 3458 Petrina
952 3388 1015 3457 sub
1039 3388 1171 3458 annulo
1195 3386 1393 3458 Piscatoris
1415 3387 1475 3458 die
1492 3387 1556 3459 16.
1581 3390 1699 3484 Apri-

189 3505 233 3576 lis
258 3507 364 3575 Anno
387 3503 623 3575 MDLXXX.
650 3503 887 3595 Pontificatns
911 3503 1040 3573 Nostri
1061 3527 1155 3573 anno
1179 3511 1309 3574 octavo.

1238 3735 1343 3806 Cius.
1367 3734 1605 3809 Fconrnnrus.

279 3968 408 4039 Fidem
430 3970 528 4062 sacia
546 3969 750 4061 praesentis
777 3968 901 4037 Brevis
926 3975 1193 4060 transumptum
1229 3966 1267 4036 in
1301 3966 1462 4037 oiiiiiibus
1496 3973 1700 4043 convenire

189 4110 270 4155 cnm
289 4085 444 4177 proprio
467 4084 655 4175 oriesinuli,
680 4109 791 4154 iiianu
808 4085 968 4176 propria
990 4092 1025 4152 et
1045 4083 1167 4173 Siqilli
1190 4082 1341 4153 niaioris
1357 4083 1476 4153 nostri
1488 4085 1608 4175 officii
1633 4110 1700 4180 up·

130 4201 134 4210 '
188 4202 372 4294 positione.

976 4343 1041 4413 Fu.
1066 4343 1288 4415 Fneuciscus
1310 4344 1487 4414 Gouzsun

815 4461 906 4530 Min.
935 4459 1122 4531 Generalis
1143 4462 1319 4552 confirmo
1342 4484 1455 4532 rnunu
1472 4464 1652 4555 propria.

277 4694 309 4762 7.
333 4692 397 4763 Die
420 4693 573 4784 sequenti
598 4693 655 4764 cit.
692 4693 849 4764 Minister
883 4691 1065 4763 Generalis
1095 4692 1181 4763 adiit
1206 4693 1388 4764 Summum
1417 4691 1628 4766 Pontificem
1655 4720 1698 4770 ao

189 4808 300 4879 eidem
326 4818 408 4878 vota
431 4808 602 4902 Principis
625 4809 851 4896 Ferdinandi,
876 4822 913 4880 ut
936 4810 1106 4881 Henrious
1130 4809 1290 4880 Sedulius
1312 4809 1473 4881 Minister
1489 4809 1700 4886 Provincia·

190 4925 232 4995 lis
256 4925 458 4995 Provinciae
482 4924 698 5018 TyrolensiS,
725 4926 858 4995 noviter
881 4925 1084 5016 erigendae,
1102 4924 1361 5016 designaretur,
1379 4924 1576 4996 insinuavit.
1604 4928 1698 5001 Sun-

190 5041 363 5111 ctissirnus
396 5038 515 5110 lubens
552 5040 605 5109 his
641 5041 864 5133 subscripsit,
897 5041 999 5112 vivae
1034 5041 1125 5112 vocis
1159 5039 1299 5112 oraculo
1333 5039 1533 5134 praefatum
1573 5042 1696 5117 virum

190 5154 393 5226 Provinciae
416 5155 616 5248 Tyrolensis
640 5156 836 5226 Ministrurn
860 5160 1013 5247 (servato
1037 5158 1110 5227 iure
1134 5156 1247 5247 quoad
1270 5176 1483 5228 successores
1512 5177 1579 5251 per
1607 5170 1698 5235 vota

190 5271 379 5363 eligendos)
403 5294 533 5341 creans.
559 5271 720 5344 Minister
744 5271 925 5342 Generalis
960 5273 1148 5343 chricum
1184 5272 1276 5343 illico
1307 5270 1520 5344 authenticis
1541 5270 1697 5365 lituus,
1743 5356 1749 5389 Ι

189 5387 310 5458 eodem
333 5385 389 5456 die
414 5387 571 5477 signatis,
597 5386 827 5458 testimonium
852 5388 895 5459 de
912 5397 1081 5482 potestate
1097 5389 1127 5458 ei
1144 5410 1304 5460 concessa
1326 5386 1516 5461 terentibus
1537 5390 1698 5473 munivit
1730 5402 1749 5455 e
