3766 6090
186 358 232 429 38
834 375 1035 425 caaourcou

185 499 461 592 municipalium
489 498 759 590 praescriptum
794 496 894 589 apu‘l
925 519 989 567 uos
1022 496 1264 567 observantur.
1292 493 1396 572 Quod
1414 494 1531 585 igitur
1552 517 1601 565 ex
1625 493 1675 564 lies

187 617 348 686 aurata
370 622 407 685 et
427 615 507 685 aliis
530 614 673 684 iuotiois
695 612 889 693 recollectio
913 614 951 682 iu
973 613 1035 684 lioc
1057 635 1185 683 reru-m
1197 619 1297 683 statu
1312 609 1531 682 Provinciae
1545 618 1679 680 nostroe

187 756 254 803 nou
280 732 381 802 itudo
401 755 579 825 perquam
601 729 781 822 difficilis,
804 729 867 800 secl
887 730 998 800 etiam
1021 728 1246 822 impossibiles
1266 728 1334 814 sit,
1351 725 1679 799 Reoercuelissimue

187 847 229 918 P.
261 847 299 917 V.
318 855 477 940 patescet
496 869 544 916 eoo
566 846 762 931 relotioue,
785 869 895 939 quatu
917 845 1071 916 haurire
1086 845 1285 938 poteriteoo
1307 843 1350 913 A.
1375 843 1421 915 R.
1446 841 1488 913 P.
1519 840 1681 914 amma

186 964 307 1049 sorio,
330 963 493 1056 sequenti
514 984 625 1046 oum,
643 969 759 1053 prout
777 960 1092 1053 reguliacam
1115 959 1319 1031 uisitatione
1340 957 1560 1030 Provinciae
1580 964 1619 1029 et
1634 983 1683 1030 ce·

186 1078 381 1149 lebrotioue
410 1077 573 1169 Capituli
594 1075 837 1147 Proctucialis
859 1076 1051 1167 clelepourlo
1073 1083 1137 1146 etc.

276 1193 331 1265 31.
357 1194 524 1292 Saronico.
550 1192 797 1283 lotharingiae
820 1192 902 1263 Dux
925 1192 1077 1279 Carolus,
1113 1191 1334 1263 Gubernator
1360 1191 1549 1286 Tyroleos,
1573 1191 1684 1263 Heres

188 1310 295 1381 lauris
329 1310 364 1379 in
394 1331 517 1401 campo
553 1308 679 1378 martio
713 1307 884 1400 decerptis
918 1307 1164 1394 nobilissimus
1188 1305 1344 1399 proxime
1366 1313 1525 1377 mortuus
1548 1305 1594 1375 ad
1623 1330 1687 1379 sua

187 1433 321 1506 castra,
345 1430 381 1495 et
403 1424 541 1494 Budam
578 1424 649 1494 acri
673 1423 848 1494 obsidione
871 1422 1062 1508 cincturus,
1086 1444 1141 1493 an.
1169 1421 1254 1493 1686
1276 1421 1322 1493 ad
1346 1420 1509 1493 Cosmam
1534 1421 1688 1514 Wettin,

188 1540 387 1610 Ministrum
414 1540 516 1609 Prov.
541 1539 672 1632 Tyrol,
697 1538 835 1609 litteras
869 1538 1006 1632 propria
1030 1560 1136 1607 manu
1170 1559 1318 1608 exarare
1352 1538 1518 1630 diguatus
1552 1550 1619 1631 est.
1649 1540 1688 1610 lo

189 1654 311 1725 iisdem
335 1654 387 1724 illi
411 1655 456 1724 ad
481 1676 620 1740 manue,
645 1660 799 1724 recenter
822 1654 1058 1739 commissum,
1084 1652 1330 1744 aggratulans,
1354 1676 1396 1725 ac
1419 1676 1457 1724 se
1479 1676 1628 1746 suosque
1655 1655 1690 1724 in

188 1772 304 1842 omnia
327 1794 428 1842 sacra
451 1770 704 1841 commendans.
730 1769 823 1840 Deus
856 1769 1004 1862 suspiria
1038 1767 1258 1856 Provinciae,
1283 1789 1345 1839 nec
1369 1790 1436 1840 non
1458 1768 1567 1841 totius
1597 1770 1692 1841 orbis

190 1887 398 1974 Christiani,
422 1886 557 1980 copioso
580 1908 722 1956 numero
745 1885 909 1976 repetita,
934 1884 1099 1976 suspexit,
1123 1882 1270 1972 Budam,
1286 1893 1427 1956 armata
1442 1907 1549 1956 manu
1566 1908 1589 1956 a
1604 1885 1693 1957 Cae·

189 2026 288 2075 sarco
313 2001 422 2072 milite
445 2000 501 2071 die
516 2000 548 2070 2.
571 2000 664 2093 Sept.
689 2010 943 2093 expugnatam,
968 1998 1245 2091 Angustissimae
1268 1999 1384 2071 domui
1409 1999 1622 2072 Austriacae
1638 2024 1693 2074 re-

189 2119 343 2190 stituens.
369 2117 500 2188 Nuntio
524 2116 629 2186 huius
653 2116 701 2184 rei
726 2115 781 2185 die
804 2115 837 2186 5.
863 2114 956 2206 Sept.
980 2114 1169 2207 Oeniponte
1204 2115 1365 2209 appulsa,
1400 2115 1496 2189 ocius
1530 2116 1697 2189 Ecclesia

190 2234 306 2304 aulica
329 2233 481 2302 omnium
505 2254 752 2324 campanarum
787 2231 964 2324 compulsu
988 2231 1164 2320 (Ecclesiis
1193 2232 1317 2302 ceteris
1348 2231 1440 2303 hunc
1471 2239 1591 2303 actum
1614 2256 1696 2326 pro·

189 2347 422 2439 sequentibus)
445 2345 637 2417 laetissima
663 2345 748 2416 haec
777 2368 867 2417 nova
889 2346 1136 2439 promulgavit,
1161 2353 1197 2417 et
1220 2346 1355 2418 Chorus
1378 2345 1527 2418 coeleste
1551 2347 1696 2419 Numen

190 2464 332 2534 solemni
364 2463 414 2532 Te
439 2461 554 2531 Deum
577 2462 767 2532 louclaiuus
791 2462 858 2553 (cui
882 2461 1021 2553 Regina
1057 2461 1226 2549 Poloniae,
1261 2461 1412 2532 Victoris
1444 2461 1593 2550 coniux,
1626 2484 1698 2534 uua

195 2602 271 2649 cum
296 2577 412 2648 filiolis
434 2577 652 2670 Principibus
683 2586 717 2646 ot
741 2577 1020 2668 frequentissimo
1042 2575 1165 2669 populo
1192 2577 1373 2666 intererat)
1406 2585 1595 2648 veneratus
1628 2587 1696 2650 est.

195 2695 260 2765 Die
275 2695 307 2766 8.
330 2695 423 2787 Sept.
447 2693 480 2762 in
504 2692 659 2764 Ecclesia
682 2693 878 2763 Conventus
901 2693 935 2763 S.
960 2692 1079 2763 Crucis
1102 2693 1212 2764 Missa
1226 2691 1403 2779 solemnis,
1427 2715 1450 2763 a
1472 2692 1608 2763 musica
1631 2715 1698 2764 au-

198 2811 268 2882 lica
293 2809 427 2896 fulcita,
453 2809 632 2880 tormentis
655 2808 789 2879 bellicis
815 2810 878 2879 sub
901 2832 943 2880 ea
967 2809 1206 2896 reboantibus,
1223 2806 1409 2879 decantata
1424 2808 1508 2896 fuit,
1524 2830 1589 2900 per
1613 2809 1698 2880 illu-

196 2926 414 3009 minationes,
438 2946 481 2994 ex
507 2924 668 2994 fenestris
691 2924 842 2994 civitatis
865 2932 965 2995 noctu
989 2924 1190 3017 productas,
1214 2931 1368 3015 excepta.
1393 2923 1532 3014 Regina
1555 2946 1619 3017 per
1636 2923 1698 2995 lit·

194 3049 289 3112 teras
314 3038 528 3109 Serenissimi
553 3037 715 3129 Coniugis
739 3037 877 3125 edocta,
902 3047 976 3132 post
999 3038 1112 3109 Deum
1135 3039 1175 3108 B.
1199 3038 1243 3109 V.
1267 3037 1487 3109 auxiliatrici
1503 3059 1545 3109 ac
1564 3037 1601 3108 S.
1619 3039 1695 3109 An-

193 3156 284 3227 tonio
308 3154 479 3225 Potavino
502 3154 545 3224 ob
567 3153 703 3223 Budam
727 3162 865 3245 captam
900 3155 1033 3245 gratias
1066 3175 1141 3224 esse
1176 3153 1346 3247 agendas,
1370 3151 1426 3224 die
1454 3152 1504 3224 la.
1530 3152 1626 3247 Sept.
1659 3154 1697 3224 in

194 3269 349 3340 Ecclesia
372 3269 677 3339 Franciscanorum
714 3290 889 3339 revennae
923 3270 957 3339 in
992 3270 1157 3341 honorem
1193 3269 1227 3339 S.
1264 3268 1402 3340 Antonii
1425 3268 1561 3339 initium
1588 3268 1696 3358 fecit,

195 3384 380 3469 mandans,
406 3390 444 3453 ut
467 3382 612 3473 singulis
635 3383 755 3453 diebus
778 3384 903 3454 Martis
927 3384 960 3453 in
984 3384 1088 3454 altari
1112 3384 1267 3455 eiusdem
1292 3384 1410 3455 Sancti
1432 3383 1586 3455 solemne
1609 3384 1698 3456 offi-

194 3500 285 3569 cium
309 3523 330 3568 a
355 3498 495 3568 musicis
518 3497 639 3568 aulicis
661 3507 872 3570 cantaretur.
897 3500 1056 3571 Minister
1079 3501 1325 3588 Provincialis,
1351 3522 1393 3570 ne
1415 3500 1606 3571 Provincia
1628 3503 1698 3573 sibi

194 3614 377 3685 coimmissa
405 3614 461 3682 vel
486 3613 558 3685 lato
582 3637 695 3707 ungue
718 3638 740 3684 a
764 3615 842 3705 lege
866 3616 1088 3705 gratitudinis
1111 3616 1243 3702 deviet,
1266 3639 1327 3708 per
1341 3615 1478 3687 litteras
1504 3616 1700 3690 circulares

193 3730 349 3799 omnibus
379 3730 608 3799 Conventibus
642 3730 772 3819 (deuito
807 3730 1028 3822 Friburgensi
1065 3733 1097 3800 iu
1127 3731 1257 3823 gallica
1291 3738 1459 3824 potestate
1494 3733 1699 3825 constricte)

195 3845 354 3930 iniunxit,
372 3853 410 3914 ut
425 3846 468 3916 ob
483 3845 619 3914 Budam
637 3856 869 3938 expugnatam
888 3847 922 3915 in
939 3847 1134 3937 gratiarum
1152 3847 1319 3918 actionem
1338 3846 1481 3919 Missam
1501 3847 1700 3921 solemnem

195 3983 270 4030 cum
297 3960 346 4028 Tc
370 3961 484 4029 Denou
509 3961 700 4030 laudamus
723 3960 921 4050 decantent,
959 3962 1121 4054 postridie
1145 3985 1227 4033 vero
1254 3984 1320 4033 nou
1352 3962 1515 4056 impedito
1546 3964 1699 4036 solemni

196 4075 363 4166 Requiem
390 4076 556 4146 militibus
580 4078 612 4145 in
637 4077 760 4146 castris
784 4085 929 4148 mortem
953 4079 1205 4171 appetentibus,
1230 4086 1421 4171 parentent.
1449 4077 1514 4149 Die
1534 4078 1584 4148 17.
1602 4080 1699 4153 Nov.

185 4191 444 4279 ¹Serenissimus
461 4191 579 4261 Victor
597 4192 783 4284 (ieniponte
799 4193 976 4284 appulsus,
995 4195 1101 4265 variis
1119 4194 1302 4265 honoribus
1318 4203 1355 4266 et
1370 4194 1525 4265 laetitiae
1546 4193 1661 4284 signis
1676 4218 1701 4266 a

194 4306 345 4376 Civitate
368 4314 403 4375 et
427 4306 602 4376 Conventa
627 4306 739 4376 aulico
761 4319 924 4399 exceptus
957 4317 1017 4378 est.
1055 4310 1217 4380 Piissima
1245 4308 1457 4381 conthoralis
1478 4307 1637 4380 eiusdem
1663 4312 1700 4382 in

196 4421 282 4491 festo
318 4421 356 4490 Β.
393 4421 435 4490 V.
471 4421 607 4490 Mariae
641 4429 902 4514 praesentatae,
940 4424 1051 4510 Duce,
1088 4448 1128 4495 ac
1152 4425 1238 4495 Rev.
1274 4424 1316 4495 D.
1341 4425 1523 4497 Francisco
1547 4425 1699 4515 Devart,

197 4535 320 4626 Equite
346 4536 380 4606 S.
406 4535 595 4628 sepulchri,
621 4536 897 4608 Caeremoniario
920 4547 955 4609 et
978 4538 1198 4630 Epheborum
1226 4541 1403 4633 praefecto
1437 4541 1700 4634 praesentibuS,

196 4651 229 4718 iu
255 4672 376 4720 manus
398 4651 437 4719 P.
463 4651 606 4721 Cosmae
643 4651 791 4737 Wettin,
825 4654 972 4724 Ministri
1009 4655 1251 4743 ProvincialiS,
1287 4656 1321 4726 in
1345 4656 1510 4728 anteriori
1533 4655 1701 4729 Oratorio

196 4787 301 4858 prope
325 4764 438 4835 altare
464 4765 574 4835 maius
596 4767 837 4858 professionem
863 4769 895 4838 in
920 4769 1096 4862 Regulam
1120 4771 1260 4841 tertiam
1285 4772 1319 4843 S.
1344 4772 1466 4843 Franc.
1495 4772 1610 4842 emisit
1629 4776 1652 4844 ¹.

284 4880 337 4951 32.
364 4879 610 4952 Serenissimus
633 4881 882 4973 lotharingiae
906 4884 1002 4971 Dux,
1039 4885 1226 4978 Oeniponte
1251 4909 1385 4957 moram
1411 4889 1569 4973 trahens,
1594 4890 1701 4963 varia

197 4995 335 5087 pietatis
357 4996 518 5087 exempla
543 4996 713 5089 produxit.
740 4998 892 5089 Singulis
917 5000 1026 5071 ferme
1043 5001 1165 5072 diebus
1181 5002 1374 5073 Ecclesiam
1392 5002 1540 5074 aulicam
1559 5003 1701 5092 invisit,

305 5256 312 5289 ¹
334 5257 446 5309 ttcnrim.
467 5257 542 5309 Prov.
563 5258 796 5323 luctatibus.
818 5258 953 5327 Oenipont.
974 5262 1133 5316 Franciscao.
