3750 6082
578 443 744 493 PROVINC.
768 443 896 492 TYROL.
920 443 974 493 FF.
999 444 1124 493 MINOR.
1147 443 1279 493 REFOR.
1636 423 1682 495 73

182 564 250 635 sinc
273 586 335 657 spe
366 563 565 635 revertendi
599 563 800 635 derelicturi
836 563 919 651 sint,
955 564 1007 635 ius
1042 565 1253 636 Patronatus
1276 563 1321 634 ad
1344 587 1381 634 se
1406 572 1616 652 revertatur,
1642 573 1679 638 et

182 691 316 752 tractus
341 679 478 752 Sacello
513 680 714 767 adiunctus,
743 680 786 750 iu
822 681 945 751 bouum
980 704 1187 775 pauperum,
1220 704 1264 752 ex
1287 703 1433 773 quorum
1457 680 1680 773 eleemosyna

182 795 299 885 fluxit,
326 795 557 886 impendatur.
581 796 713 868 Eodem
739 819 827 866 auno
850 797 905 868 die
928 797 982 868 29.
1007 797 1092 867 lunii
1119 797 1170 867 Pl.
1196 798 1240 868 R.
1265 796 1308 867 D.
1342 798 1586 886 Hermeuuus,
1611 797 1680 869 De·

181 934 288 984 canus
311 914 346 984 in
369 913 552 1001 (lanbach,
576 914 634 1005 qui
658 913 704 982 40
726 913 824 983 anuis
847 912 1020 984 Sacellum
1057 913 1149 984 istud
1180 914 1400 1007 possederat,
1426 912 1554 984 limites
1577 914 1680 985 terri-

182 1029 259 1099 torii
282 1028 395 1100 eidem
421 1028 557 1100 Sacello
581 1028 710 1100 addicti
744 1029 852 1101 literis
886 1029 955 1100 suis
978 1031 1145 1123 exposuit.
1177 1030 1389 1101 Innocentius
1412 1030 1471 1101 lV.
1495 1030 1679 1103 cessionem

181 1145 345 1240 Capellae
371 1146 405 1216 S.
429 1145 576 1216 Martini
601 1144 724 1216 Brevi:
751 1144 862 1215 Iustis
879 1147 1081 1238 petentium
1103 1146 1315 1231 desideriis,
1347 1146 1541 1239 propediem
1565 1147 1680 1239 expri-

184 1261 316 1349 mendo,
340 1284 396 1332 aa.
425 1262 510 1333 1247
533 1262 588 1333 die
612 1263 645 1332 7.
670 1261 756 1331 lunii
781 1271 893 1332 ratam
920 1261 1042 1332 habuit
1055 1266 1075 1332 ¹.

394 1493 440 1564 In
462 1493 606 1564 nomine
629 1493 757 1565 Patris
779 1501 813 1565 et
837 1492 930 1565 Filii
949 1501 985 1564 et
1005 1493 1168 1587 Spiritus
1190 1494 1313 1564 saneti.
1339 1499 1463 1567 Amen.

274 1725 446 1795 (lirnnibas
462 1747 634 1818 praesens
656 1725 831 1818 seri'ptum
855 1724 1085 1795 audientibus
1107 1748 1167 1796 seu
1183 1725 1426 1812 cernuatus,
1450 1725 1546 1796 salus
1568 1727 1616 1796 sit
1640 1728 1678 1796 in

183 1841 340 1911 oiiiniam
362 1841 560 1912 Saloutare.
591 1840 680 1913 Cum
703 1841 883 1912 barcinonae
900 1842 1119 1934 provisionis
1135 1841 1319 1911 ordinatio
1334 1865 1474 1935 semper
1498 1841 1679 1912 inumbra

182 1956 343 2027 dormiat
363 1956 569 2042 oblivimus,
592 1981 633 2028 oc
655 1957 762 2028 itarius
796 1958 853 2027 rei
885 1981 994 2027 causa
1026 1957 1138 2027 series
1162 1958 1326 2028 ueritatis
1350 1958 1526 2029 nudtoties
1548 1959 1671 2052 oppri-

185 2081 326 2158 matur,
348 2073 516 2143 moerent
532 2080 739 2166 praesentes
761 2083 797 2143 et
817 2074 968 2165 posteri,
993 2073 1088 2167 quod
1109 2073 1183 2144 Nos
1208 2074 1345 2145 Divina
1363 2076 1568 2167 provisione
1590 2077 1677 2148 ton·

186 2188 293 2259 radus
322 2187 441 2260 Comes
464 2188 508 2257 de
531 2187 743 2279 Frepbarp,
766 2195 1015 2258 extremorum
1034 2190 1322 2283 praememorati
1350 2191 1616 2284 suspiriorum,
1641 2193 1680 2262 in

187 2304 384 2374 reniedinm
417 2305 562 2376 animae
596 2304 753 2375 Nostrae
787 2328 849 2375 neo
884 2328 954 2374 non
984 2313 1184 2398 parentum
1219 2305 1458 2392 Nostrorum,
1493 2307 1677 2378 accedente

187 2444 352 2491 consensu
382 2419 422 2489 V.
446 2419 573 2490 Patris
596 2419 728 2490 Nostri
749 2419 920 2505 Ilenrn'ci,
950 2420 1227 2491 Constantiensis
1250 2421 1423 2514 Episcopi
1445 2423 1513 2493 toci
1540 2423 1681 2494 Dione·

185 2539 281 2623 sani,
311 2536 492 2629 Capellam
515 2536 551 2607 S.
576 2535 736 2606 Martini
755 2537 863 2606 sitam
889 2537 925 2605 in
959 2537 1055 2607 (lecta
1090 2537 1235 2607 ciuitate
1269 2537 1305 2608 F
1306 2538 1469 2629 riburpi,
1493 2539 1593 2609 cuins
1626 2539 1681 2609 ius

189 2652 405 2723 Patr-onatus
428 2651 479 2721 ad
500 2650 575 2721 Nos
596 2659 757 2744 spectare
771 2651 1053 2743 (lzpnoscebatnn
1069 2660 1105 2721 et
1119 2661 1275 2745 quatuor
1290 2653 1496 2724 adiacentia
1517 2653 1678 2745 Cpraitia

189 2769 271 2839 n'ris
294 2768 483 2858 Betrpiosis
507 2766 703 2837 Fratribus
726 2766 930 2837 Minoribus
952 2791 1033 2837 cuni
1049 2767 1212 2838 omnibns
1233 2769 1308 2839 suis
1326 2769 1558 2861 pertinentiis
1576 2770 1679 2862 plene

186 2884 358 2955 libertatis
383 2885 462 2955 iare
483 2883 701 2974 conferimus
719 2894 893 2976 perpetuo
911 2884 1177 2975 possidendam,
1203 2884 1270 2954 tati
1290 2885 1506 2971 conditione,
1530 2878 1627 2980 quod
1649 2911 1680 2957 se

185 2999 266 3070 dicti
287 2999 443 3071 Fratres
465 2998 668 3069 voluntarie
689 3000 766 3070 sine
787 3022 848 3092 spe
863 2999 1070 3075 revertendi
1083 2999 1152 3071 loca
1168 3001 1336 3071 cesserint
1351 3009 1558 3088 niemorato,
1572 3026 1678 3094 prae
1714 3028 1717 3034 ’

185 3117 278 3204 satae
307 3115 472 3208 Capellae
495 3113 718 3185 Patronatns
741 3115 792 3186 ad
825 3115 900 3185 Nos
931 3117 1219 3209 praesentatione
1247 3117 1414 3210 pristina
1449 3127 1673 3205 reuertatur,

183 3231 383 3322 praelibata
404 3231 583 3326 siqnidem
611 3231 773 3323 Cprcitia
795 3231 840 3302 de
868 3254 1076 3324 pauperum
1111 3232 1331 3326 eleemosyna
1355 3243 1587 3326 comparata,
1605 3258 1676 3328 per

183 3355 434 3438 procuratores
457 3346 640 3419 Fratrum
663 3356 700 3417 et
720 3348 837 3418 dictae
860 3348 1019 3419 civitatis
1043 3348 1200 3419 Nostrae
1235 3348 1398 3420 Consules
1422 3350 1460 3419 in
1483 3374 1567 3421 usus
1584 3374 1679 3444 pau·

182 3485 307 3554 pamm
331 3463 555 3556 rediaantur.
582 3462 700 3534 Huius
724 3463 838 3552 ip'tur
860 3464 1055 3535 collationis
1079 3463 1236 3535 Nostrae
1250 3466 1410 3548 donatio,
1427 3490 1471 3537 ne
1487 3467 1675 3538 cuiuscun-

185 3604 245 3674 que
264 3582 378 3674 possit
398 3581 583 3651 catum-nia
606 3580 809 3666 rriolestari,
835 3579 910 3650 Nos
933 3582 1077 3651 nomine
1112 3581 1245 3652 Nostro
1280 3581 1568 3676 Nostrorumpne
1597 3584 1679 3653 tiae-

187 3698 309 3769 redum
333 3697 372 3766 ia
394 3696 451 3767 bis
466 3697 624 3766 ernrnbus
649 3697 740 3767 iuris
759 3721 801 3767 ao
817 3697 933 3788 lenum
949 3698 1209 3768 rentarciamus
1224 3698 1376 3784 anatalio,
1394 3699 1595 3792 praecipue
1609 3707 1680 3770 stu·

186 3820 253 3884 tuto
270 3812 481 3906 Imperiali,
503 3812 608 3884 Uirili
626 3835 821 3902 repnornm
845 3813 1005 3883 onmium
1028 3837 1070 3883 ae
1094 3814 1307 3899 civitatum,
1331 3815 1498 3908 omnique
1523 3814 1679 3886 totaliter

185 3929 383 4023 receptioni
394 3951 506 4001 nouae
520 3952 580 4000 seu
596 3929 724 3999 veteris
741 3929 1010 4012 constitutionis,
1027 3930 1129 3999 cuins
1144 3930 1200 3999 ret
1209 3954 1362 4020 quornm
1377 3932 1556 4021 suffrapio
1567 3953 1678 4024 prae·

186 4067 254 4115 uns
275 4045 455 4139 seriptum
478 4069 502 4115 a
532 4067 737 4139 quocunque
773 4046 890 4119 caleat
924 4045 1123 4136 infirmari.
1153 4044 1202 4116 Ut
1222 4053 1343 4137 autem
1365 4044 1451 4117 liaeo
1475 4046 1676 4116 inconcussa

184 4168 432 4250 permaneant,
454 4170 491 4231 et
511 4161 637 4231 stabili
653 4160 838 4253 pendeant
857 4162 1059 4253 firmitate,
1093 4161 1185 4231 banc
1214 4162 1393 4254 papinum
1415 4161 1529 4255 sipitli
1549 4161 1681 4232 Nostri

188 4276 383 4370 ciriianqne
417 4275 638 4347 Nostrorum
673 4277 873 4347 niuriimine
907 4276 1128 4347 roboramus.
1165 4278 1256 4347 Acta
1278 4276 1362 4348 baec
1385 4285 1470 4347 sunt
1491 4301 1585 4348 anno
1608 4277 1677 4347 Do·

190 4392 273 4461 mini
295 4391 415 4463 1246.

268 4508 353 4578 Dat.
376 4507 478 4600 apud
500 4507 742 4599 Frtbarpum,
766 4515 876 4579 octav.
907 4508 1048 4579 Critensi.
1066 4507 1183 4593 Iunii,
1201 4508 1394 4579 indictione
1409 4516 1554 4601 quarta,
1567 4532 1677 4602 prae·

188 4624 335 4694 sentibus
355 4623 412 4693 bis
437 4623 580 4695 testibus
602 4623 802 4716 Raelolpba,
829 4623 985 4694 Ptebano
1020 4624 1064 4693 (le
1099 4624 1242 4709 Fistat,
1268 4625 1422 4694 Domino
1445 4622 1675 4710 Eberbardo,

188 4740 383 4831 capnonn'ne
405 4738 616 4832 Sparburdt
633 4748 710 4825 eta,
733 4747 770 4809 et
791 4740 875 4811 aliis
899 4740 1181 4833 quainpbun'mis
1207 4741 1342 4811 r'doneis
1364 4749 1398 4810 et
1413 4740 1588 4810 diseretis.

192 4962 448 4974 ——-———

290 5080 398 5134 ¹Gooz.
417 5083 442 5133 ta
462 5081 538 5133 t‘ros.
559 5080 646 5145 Tyrol.
666 5078 748 5133 Conv.
768 5081 792 5131 2.
813 5079 890 5131 Wod.
911 5088 927 5131 t.
947 5081 972 5131 6.
992 5094 1032 5131 nn.
1056 5080 1136 5144 1318,
1157 5093 1181 5130 n.
1211 5081 1253 5133 33.
1283 5078 1365 5132 ttueb.
1394 5081 1419 5130 tu
1448 5078 1543 5131 Cama.
1563 5078 1611 5130 oot.
1633 5077 1675 5132 u.

191 5176 258 5231 Sires.
277 5179 371 5233 caus.
393 5194 418 5245 p.
438 5179 499 5231 333.
518 5177 591 5232 Cant.
610 5177 672 5231 Orb.
692 5179 801 5243 saepo.
821 5184 837 5230 t.
866 5177 890 5229 5.
912 5193 937 5242 p.
967 5178 1018 5229 333
1037 5186 1086 5231 oto.
1115 5177 1209 5231 Clnon.
1234 5192 1346 5244 parsum
1368 5178 1442 5230 l‘rov.
1463 5177 1553 5242 Tyrol.
1573 5177 1628 5229 ltot.
1649 5192 1675 5244 p.

193 5274 372 5330 insonant.
392 5276 474 5330 Coos.
494 5276 752 5343 itinerantibus.
773 5275 861 5340 'tyrol
891 5276 945 5327 lle-t.
965 5275 1127 5329 Franciscon.
1157 5276 1249 5329 Butler.
1278 5275 1439 5328 Franciscan.
1468 5284 1485 5329 t.
1513 5275 1529 5327 t.
1559 5289 1584 5340 p.
1615 5273 1675 5328 tor.

191 5372 337 5441 summaer
355 5377 398 5428 a.
