3750 6082
201 348 247 419 34
848 370 1050 421 cunourcon

203 490 267 561 Die
286 490 337 561 ll.
354 490 431 561 Iulii
448 491 579 562 Halam
597 492 713 579 movit,
730 498 766 562 et
782 489 860 562 luce
875 492 1028 583 sequenti
1043 492 1078 561 in
1093 492 1173 561 navi
1189 491 1338 563 secundo
1354 491 1452 565 Oeno
1463 491 1690 565 Vindobonarn

202 607 361 679 defluxit.
388 608 493 678 Parte
517 607 721 679 Provinciae
743 608 931 695 Ananiae,
967 607 1170 698 ilungariae
1194 606 1229 678 S.
1253 607 1408 695 lilariae,
1444 608 1640 679 Bavaricae
1659 617 1689 678 et

190 724 468 815 'Argentinensis
491 724 704 817 perlustrata
728 722 840 810 rediit,
861 724 1075 794 Conrentum
1098 723 1344 817 Oenipotanum
1365 723 1434 794 >die
1463 724 1516 794 17.
1540 723 1615 795 Oct.
1642 734 1689 795 at·

140 930 143 935 Ι
201 838 351 929 tingens,
376 839 476 931 inque
492 862 533 910 eo
548 838 754 909 visitationis
777 849 893 909 actum
917 838 974 908 die
993 839 1044 910 18.
1061 839 1237 910 inchoans.
1261 838 1325 911 Die
1351 838 1402 909 19.
1428 839 1541 911 Sacro
1563 839 1598 909 in
1612 839 1686 908 aule

202 957 312 1044 dicta,
337 959 512 1050 Reginam
536 956 716 1043 Poloniac,
741 977 827 1048 pane
852 955 1090 1026 Eucharistiae
1112 955 1208 1047 prius
1232 954 1414 1043 reiectam,
1439 953 1567 1025 habitu
1589 954 1688 1025 Tertii

203 1072 359 1160 Ordinis,
383 1073 607 1143 conformiter
630 1071 674 1142 ad
698 1094 762 1142 sua
782 1080 874 1158 vota,
898 1071 1070 1162 amicivit3
1101 1071 1236 1141 exuviis
1253 1071 1288 1141 S.
1311 1070 1424 1143 laeolri
1448 1070 1493 1143 de
1518 1070 1686 1157 Maronia,

200 1183 364 1254 videlicet
386 1183 579 1255 holoserico
603 1183 724 1252 habitu
747 1205 826 1254 cum
848 1181 996 1273 cingulo,
1020 1204 1087 1273 quo
1109 1204 1232 1275 corpus
1254 1180 1405 1272 praefati
1429 1180 1511 1251 Divi
1537 1181 1584 1250 ad
1609 1192 1687 1252 tent·

198 1320 276 1390 pus,
300 1299 349 1368 nti
372 1297 449 1368 fieri
473 1297 576 1384 solet,
612 1298 774 1368 vestitum
808 1307 902 1385 erat,
938 1297 1143 1368 condonavit
1173 1304 1209 1368 et
1241 1297 1475 1368 visitationem
1499 1297 1689 1369 Conventus

198 1413 392 1506 complevit.
416 1414 511 1484 Deus
535 1413 749 1484 devotionem
775 1413 1001 1507 Serapiricam
1025 1413 1184 1505 Reginae
1207 1413 1303 1484 ocius
1326 1419 1428 1503 grato
1455 1413 1614 1506 praemio
1642 1412 1689 1483 al·

200 1530 293 1615 fecit,
319 1537 437 1621 utpote
459 1552 550 1620 quae
574 1529 767 1622 Principem
792 1528 847 1599 die
869 1528 924 1598 20.
949 1529 982 1597 in
1006 1526 1118 1600 lucem
1141 1527 1264 1615 edidit,
1300 1526 1434 1622 losephi
1458 1528 1596 1600 nomine
1617 1527 1691 1599 iusi-

199 1646 347 1735 gnit'um.
372 1644 436 1715 Die
471 1644 526 1715 21.
551 1645 712 1715 Minister
733 1644 916 1715 Generalis
947 1644 982 1712 in
1015 1644 1212 1737 gratiarum
1237 1644 1407 1715 actionem
1439 1642 1555 1714 felicis
1577 1651 1692 1738 partus

198 1758 352 1831 solemne
376 1761 532 1850 Sacrum,
558 1761 710 1855 Hymmo
740 1759 790 1829 Te
813 1760 929 1830 Deum
945 1759 1135 1830 lendenaus
1150 1758 1359 1847 conclusum,
1376 1759 1590 1831 decantavit.
1604 1759 1691 1831 Tan·

200 1875 281 1945 dem
305 1883 421 1947 mente
436 1899 501 1947 sua
517 1876 574 1946 die
595 1875 651 1946 22.
675 1876 717 1946 de
741 1876 829 1946 actis
851 1875 1056 1946 visitationis
1079 1875 1313 1969 promulgata,
1338 1874 1394 1945 die
1416 1873 1471 1946 23.
1495 1874 1575 1947 Oct.
1598 1874 1691 1947 Oeni-

201 1999 303 2084 ponte
326 1992 447 2079 movit,
470 2014 531 2084 per
553 1991 746 2078 Brixinam,
770 1990 960 2062 Bulsannm
984 2001 1021 2061 et
1055 1990 1127 2062 alia
1161 1990 1237 2061 loca
1261 1990 1398 2061 ltaliam
1422 1997 1590 2082 repetens
1614 1989 1692 2060 Plu·

203 2106 293 2177 rima
316 2129 359 2176 ex
383 2105 438 2176 his
459 2106 674 2177 innotescunt
696 2128 739 2176 ex
763 2105 889 2177 litteris
913 2105 978 2177 fati
1001 2104 1154 2175 Ministri
1169 2105 1360 2194 Generalis,
1378 2105 1414 2175 in
1437 2105 1545 2177 Conv.
1562 2106 1692 2178 Veneto

200 2220 235 2290 S.
259 2221 528 2292 Bonaventurae
551 2244 607 2292 an.
634 2222 690 2292 cit.
713 2220 768 2291 die
788 2221 838 2291 17.
855 2221 944 2292 Nor.
967 2220 1133 2306 exaratis,
1159 2221 1193 2289 in
1215 2221 1339 2312 quibus
1353 2219 1397 2290 de
1414 2220 1503 2291 actis
1520 2220 1558 2290 in
1582 2219 1693 2291 reditu

197 2357 259 2426 per
284 2335 499 2407 Provinciam
525 2336 753 2431 Tyrolensem
785 2336 872 2407 haec
908 2336 1031 2407 habet:
1066 2336 1116 2407 Et
1137 2336 1241 2405 111116ι
1271 2335 1502 2427 Oenrpontem
1526 2335 1693 2428 paveni·

198 2474 291 2535 nutis,
304 2451 368 2520 ubi
379 2450 637 2523 Sernm'ssimae
651 2452 812 2547 Reainae
826 2451 1009 2537 Potentiae,
1024 2452 1216 2522 modernae
1231 2452 1402 2522 Ducissae
1419 2451 1693 2543 Lotlrarinqiae,

197 2569 371 2655 affectum
406 2567 639 2655 (Austrnacae
670 2568 796 2639 domui
822 2569 1045 2658 conuenitum
1066 2591 1129 2637 nec
1162 2590 1234 2637 non
1268 2566 1486 2659 Serapln'cae
1517 2566 1695 2661 Reliyioni

194 2683 434 2772 notissimum)
459 2683 558 2753 ultra
592 2707 730 2755 ornnem
765 2684 1019 2776 sufficientiam
1054 2683 1200 2775 raperti
1230 2706 1373 2768 surnus;
1405 2683 1508 2753 cuim
1543 2686 1694 2774 affectus

194 2797 388 2890 Serapdici
408 2798 710 2869 abundantiorem
730 2800 992 2892 plenitudinem
1015 2800 1147 2869 uellere
1180 2821 1252 2868 non
1277 2798 1476 2891 potuisset,
1506 2798 1583 2868 nasi
1613 2822 1694 2869 cum

195 2913 340 2983 iteratis
357 2913 527 3005 precibus
563 2939 604 2985 ac
637 2917 779 3009 saepius
800 2916 910 3007 factis
938 2915 1123 2985 instantiis
1132 2913 1335 3006 Retiaronis
1357 2913 1517 2985 Nostrae
1537 2922 1578 2984 et
1606 2912 1694 2984 Ter·

195 3027 240 3094 tii
265 3026 414 3098 Ordim‘s
448 3029 611 3099 traditum
644 3055 753 3124 quam
787 3031 1008 3101 deotissime
1039 3055 1062 3100 a
1085 3029 1198 3101 Nobis
1224 3030 1482 3101 amaedendum
1507 3031 1694 3121 ,aratensis

151 3240 154 3244 Ι
192 3144 283 3213 sitne
299 3144 514 3236 postularet,
538 3169 642 3239 quem
664 3147 759 3216 etin
781 3147 886 3218 solita
919 3146 1158 3217 Aredidueali
1188 3147 1249 3217 sui
1270 3146 1414 3217 Palatii
1433 3144 1592 3239 capella,
1616 3146 1692 3239 ipso

192 3258 251 3327 dne
273 3260 401 3350 festivo
424 3261 460 3331 S.
485 3260 592 3331 Petri
612 3261 655 3331 de
690 3262 890 3333 Atcnntara
926 3262 1124 3344 incidente,
1150 3263 1303 3355 prae-ine
1330 3269 1480 3355 puncto
1507 3261 1573 3333 SS.
1605 3262 1693 3333 Mis·

188 3395 249 3442 sae
271 3376 687 3469 sacrificrosumptaque
710 3378 773 3448 SS.
804 3378 1069 3463 Comrnunione,
1100 3400 1119 3447 e
1144 3378 1312 3471 propriis
1340 3376 1487 3449 Nostris
1522 3377 1693 3448 manibus

188 3511 331 3558 srernma
353 3513 417 3560 sua
440 3515 522 3560 cum
543 3492 778 3563 consolatione
799 3493 964 3578 obtinuit,
991 3501 1156 3586 tantoque
1177 3494 1328 3585 spiritns
1346 3492 1535 3563 interioris
1556 3492 1694 3565 ardore

189 3626 232 3672 ac
254 3606 460 3675 reuerentia
482 3607 649 3698 suscepit,
671 3616 713 3677 ut
733 3607 839 3698 sinna
861 3609 1059 3700 marnifesta
1080 3608 1301 3700 relinqueret
1321 3616 1358 3678 et
1377 3609 1486 3702 quasi
1512 3633 1536 3679 a
1558 3610 1691 3681 cineri·

189 3716 252 3788 bus
275 3721 429 3791 mortuis
452 3721 552 3792 ornas
574 3723 760 3812 flarnmas,
784 3706 1139 3793 emendatissimos
1173 3723 1318 3814 Requiris
1348 3745 1436 3793 suae
1466 3745 1622 3795 coronae
1655 3725 1694 3794 in

188 3832 365 3905 Nostrum
388 3836 623 3929 Seraplncum
651 3837 823 3908 Ordinem
840 3838 904 3925 (ad
917 3839 1153 3908 irnr'tatr'onern
1176 3839 1212 3909 S.
1231 3839 1388 3930 Reginae
1403 3838 1596 3928 Elisabeth,
1621 3849 1687 3927 atet

189 3951 351 4021 aliarum
369 3952 624 4044 piissimarum
641 3953 954 4045 Principissarum
976 3954 1195 4046 exemplum)
1220 3955 1301 4024 neri
1321 3955 1455 4025 amoris
1471 3955 1570 4045 iones
1588 3979 1688 4027 resu-

186 4067 319 4138 scitare
341 4067 554 4151 uideretur;
575 4066 681 4137 lentius
710 4068 855 4139 ardoris
876 4068 1069 4160 Serapeion·
1100 4070 1315 4162 approbavit
1347 4069 1506 4141 valorem
1540 4074 1692 4162 effectus

187 4181 263 4253 diei
281 4182 537 4274 subsequentis,
560 4177 648 4252 duni
672 4183 736 4254 illa
759 4182 834 4253 luce
855 4184 1061 4276 felicissime
1073 4185 1202 4275 qenuit
1223 4184 1454 4279 Principem,
1478 4186 1583 4257 cuius
1601 4211 1694 4279 yon

186 4297 286 4368 diosa
309 4298 501 4368 natiuitate
523 4322 593 4369 non
620 4306 693 4368 tam
716 4300 893 4385 recreati,
908 4323 1017 4393 qnam
1039 4323 1178 4369 summo
1201 4299 1361 4370 Numini
1381 4300 1532 4391 abdicati
1552 4303 1591 4371 in
1616 4301 1692 4373 No·

185 4421 264 4483 stra
286 4413 522 4484 Archidueali
541 4422 578 4483 et
601 4413 794 4507 [inperiali
806 4413 963 4485 Ecclesia
987 4415 1037 4485 ad
1059 4416 1094 4485 S.
1127 4415 1275 4485 Orueern
1299 4416 1501 4502 intitulata,
1523 4416 1588 4487 stab
1613 4417 1692 4488 Au·

186 4524 253 4598 lieo
275 4536 443 4598 concentu
459 4530 570 4621 prtia
591 4529 742 4600 solemni
754 4529 866 4600 Sacro
894 4539 929 4600 et
943 4530 995 4600 Te
1012 4531 1123 4601 Deum
1139 4531 1350 4600 intensiores
1366 4530 1440 4601 Deo
1459 4529 1692 4603 reddidimus

181 4645 335 4735 oratius.
366 4643 443 4720 Qua
460 4645 632 4737 pz'rssima
655 4645 839 4737 functione
863 4645 916 4714 ibi
930 4654 1084 4738 peracta
1107 4646 1157 4716 ad
1184 4645 1402 4717 Carnuntum
1418 4645 1596 4717 Nostrum
1612 4647 1690 4719 Nos

185 4760 423 4845 contulimus,
447 4761 509 4830 ubi
529 4761 572 4831 de
594 4762 691 4845 ur‘ta,
716 4760 876 4830 nitoribus
899 4784 940 4831 ac
965 4760 1143 4851 Requlari
1163 4762 1388 4831 obseruantia
1412 4760 1514 4831 itlius
1529 4759 1689 4831 Provin-

183 4876 262 4947 ciae
290 4900 313 4946 a
336 4874 412 4945 ΡΡ.
437 4877 655 4968 Definitorii
684 4878 899 4968 sufficienter
934 4876 1090 4961 eruditi,
1126 4877 1286 4947 eamdent
1315 4900 1387 4970 pro
1423 4876 1494 4946 Dei
1525 4875 1689 4971 obsequio

184 4993 317 5083 optime
341 4992 555 5062 instructam
580 4993 777 5062 invenimus
789 5018 805 5078 ;
825 4993 1020 5063 arctiorem
1044 5016 1127 5063 nero
1142 4991 1301 5083 &aulae
1317 4993 1582 5086 perfectio-nem
1598 5017 1688 5089 pro-

288 5274 297 5308 ¹
317 5275 469 5341 intelligitur
487 5272 638 5328 Conventus
656 5274 837 5341 Augustanus,
857 5287 872 5325 n
891 5285 945 5340 quo
964 5271 1078 5324 Minister
1098 5271 1231 5325 Generalis
1252 5272 1373 5337 Tyrolim
1391 5286 1487 5327 versus
1505 5274 1630 5339 perrexit.
