3766 6090
187 258 211 329 2
834 280 1039 331 cnaomcou

189 402 415 496 Episcopatus
436 402 646 473 Brixinensis
668 402 876 495 exprimunt.
900 401 955 473 Ex
989 401 1104 473 fluviis
1126 402 1309 496 specialem
1340 402 1546 475 memoriam
1578 400 1693 474 Oenns

187 518 286 607 (lun)
310 542 352 587 ac
372 517 527 605 AthesiS,
545 517 754 589 Germanice
778 516 901 606 Etsch,
919 518 1038 589 italice
1055 517 1183 609 Adige,
1208 540 1314 589 naves
1329 518 1493 606 ferentes,
1511 525 1690 610 expetunt.

190 632 369 703 Accedunt
392 632 532 703 Dravus
554 632 688 723 (Dran)
712 643 748 704 et
772 633 886 727 Lycus
909 633 1038 725 (Lech)
1064 635 1227 726 exiguam
1251 643 1386 728 partem
1403 633 1549 726 Tyrolis
1573 634 1692 704 hume-

187 757 320 818 ctantes
341 757 377 818 et
392 757 493 819 extra
517 772 595 819 eam
613 749 645 817 in
670 748 820 820 famosos
841 748 964 820 tluvios
979 757 1228 822 excrescentes.
1254 752 1290 821 ln
1314 749 1482 821 limitibus
1496 759 1534 820 et
1558 751 1692 842 gremio

191 862 359 955 Tyroleos
382 864 505 955 copiosi
532 871 664 934 montes
687 864 804 957 capita
827 862 978 934 efferunt
1001 875 1036 935 et
1063 864 1311 959 propugnaculi
1336 865 1446 937 instar
1470 865 1595 936 incolis
1623 890 1691 937 ser·

187 979 295 1050 viunt.
320 979 603 1072 Experimentum
629 1001 719 1050 anno
748 978 834 1049 1703
852 980 947 1050 Galli
972 988 1008 1051 et
1023 981 1152 1052 Bavari
1178 982 1381 1066 hauserunt,
1400 981 1471 1072 qui,
1496 980 1582 1051 licet
1597 982 1690 1052 haud

186 1096 351 1187 exiguam
375 1103 511 1188 partem
536 1095 677 1189 Tyrolis
692 1104 927 1189 occupassent,
952 1095 1070 1168 incolis
1091 1098 1136 1167 ad
1154 1120 1253 1168 arma
1276 1096 1557 1185 convolantibus
1583 1096 1691 1168 variis

187 1209 344 1281 cladibus
368 1209 499 1297 affecti,
525 1211 671 1281 recessui
691 1212 897 1282 cecinerunt.
913 1211 1028 1282 Vallis
1048 1211 1190 1284 Oenana
1213 1210 1334 1306 pingui
1349 1234 1512 1304 pecorum
1538 1211 1690 1301 cultura,

187 1326 338 1417 argenti,
364 1327 474 1418 cupri,
498 1326 628 1418 plumbi
658 1334 694 1396 et
717 1326 864 1398 aliorum
893 1327 1112 1398 mineralium
1138 1327 1280 1415 lodiuis,
1309 1327 1483 1421 lapidibus
1513 1328 1691 1421 pretiosis,

192 1440 276 1512 feris
299 1452 334 1511 et
357 1441 435 1512 aliis
458 1442 577 1533 rebus3
602 1441 705 1512 vallis
731 1465 813 1514 vero
836 1443 1020 1530 Athesim,
1045 1443 1089 1514 de
1117 1466 1185 1535 qua
1214 1443 1315 1536 plura
1343 1442 1377 1512 in
1407 1442 1594 1513 Provincia
1617 1443 1693 1513 Tri·

189 1555 348 1644 dentina,
373 1578 540 1647 generoso
563 1557 656 1642 vino,
682 1557 853 1628 fructibus
876 1559 994 1652 optimi
1012 1560 1157 1653 saporis,
1182 1558 1272 1645 oleo,
1299 1559 1411 1630 serico
1427 1570 1462 1629 et
1487 1558 1569 1629 aliis
1592 1581 1694 1653 prae·

191 1679 272 1742 stat.
297 1673 431 1744 Incolae
454 1673 499 1743 ad
522 1673 685 1765 obsequia
709 1675 883 1767 propensi,
908 1698 994 1767 erga
1018 1675 1171 1768 hospites
1186 1674 1341 1763 officiosi,
1367 1675 1506 1746 foedere
1529 1683 1694 1746 constan·

191 1794 264 1876 tea,
287 1788 409 1859 sinceri
441 1811 482 1859 ac
513 1787 612 1859 zelosi
645 1789 817 1861 Catholici
849 1788 1079 1861 celebrantur.
1111 1790 1165 1860 Ex
1189 1790 1331 1861 urbibus
1362 1790 1397 1859 in
1428 1789 1522 1861 valle
1545 1789 1696 1861 Oenana

193 1904 379 1999 Oeuipons,
419 1905 525 1977 totius
556 1906 740 1976 comitatus
774 1905 992 2000 metropolis,
1025 1931 1065 1978 ac
1101 1906 1324 1990 Tridentum,
1355 1905 1461 1977 vallis
1496 1907 1696 1980 Athesinae

195 2031 314 2113 caput,
339 2021 500 2092 eminent.
517 2021 669 2114 iusignia
685 2021 853 2113 Tyroleos
875 2023 1042 2115 Aquilam
1066 2024 1227 2109 rubram,
1244 2047 1322 2093 cum
1346 2046 1470 2095 corona
1486 2030 1523 2095 et
1546 2024 1698 2118 pedibus

198 2138 328 2224 rubris,
352 2161 414 2230 per
437 2138 536 2209 cuius
567 2135 643 2208 alas
670 2137 906 2209 semicirculus
933 2161 1075 2224 aureus,
1106 2138 1139 2208 in
1163 2139 1331 2210 trifolium
1355 2161 1500 2210 aureum
1533 2138 1699 2212 desinens

191 2253 408 2340 extenditur,
433 2253 467 2322 in
490 2276 574 2323 area
597 2253 678 2323 alba
701 2254 861 2325 sistunt¹.

278 2367 310 2439 2.
335 2368 491 2460 Tyrolis,
516 2370 615 2439 iuxta
640 2368 821 2440 modernos
844 2369 972 2441 limites
994 2370 1163 2464 inspecta,
1188 2369 1258 2440 iam
1282 2370 1316 2439 in
1340 2370 1450 2441 tribus
1474 2370 1599 2463 primis
1624 2371 1693 2442 Ec-

188 2485 313 2557 clesiae
346 2484 547 2556 Catholicae
578 2485 741 2569 saeculis
775 2484 893 2576 aliqua
915 2486 1067 2573 semina,
1097 2486 1178 2556 licet
1200 2492 1257 2556 sat
1279 2508 1398 2579 parca,
1431 2486 1474 2555 dn
1505 2485 1576 2557 fide
1602 2511 1694 2559 vera

188 2602 335 2694 recepit,
360 2623 449 2693 quae
480 2601 763 2692 subsequentibus
793 2600 942 2672 saeculis
973 2602 1006 2671 in
1035 2601 1178 2692 largiori
1211 2624 1354 2671 numero
1385 2612 1628 2695 apparuerunt
1658 2614 1698 2674 et

187 2716 378 2788 successive
402 2722 512 2786 totam
536 2716 711 2806 regionem
736 2717 780 2787 ad
802 2716 906 2787 fidem
932 2716 1148 2787 Catholicarn
1174 2716 1403 2787 deduxerunt.
1428 2717 1482 2787 Ex
1510 2716 1599 2788 viris
1632 2716 1697 2788 illa

187 2832 464 2925 dispergentibus
480 2831 541 2903 SS.
559 2832 806 2923 Hermagoras,
824 2831 1057 2923 Aquileiensis
1072 2832 1234 2918 Antistes,
1252 2833 1301 2902 M.
1326 2832 1519 2919 Cassianus,
1546 2832 1692 2925 Episco-

187 2972 251 3042 pus
269 2948 506 3036 Sabionensis,
531 2956 566 3018 et
588 2949 637 3020 M.
662 2949 832 3041 Vigilius,
859 2949 1044 3043 Episcopus
1067 2949 1288 3019 Tridentinus
1311 2962 1347 3018 et
1371 2948 1598 3039 IngenuiuuS,
1625 2949 1691 3042 Ep.

189 3064 414 3151 Sabionensis,
432 3063 650 3153 Valentinus,
667 3065 729 3158 Ep.
748 3065 933 3149 Rhaetiae,
951 3064 1138 3158 Repertus
1156 3065 1219 3157 Ep.
1236 3065 1257 3135 J
1261 3065 1476 3136 uvaviensis²
1493 3075 1529 3135 et
1544 3064 1694 3156 quidam

188 3180 249 3250 alii
280 3180 464 3273 specialem
497 3189 613 3251 notam
646 3189 832 3251 merentur.
866 3180 922 3252 Ad
953 3180 1058 3250 fidem
1090 3180 1180 3251 hauc
1210 3181 1383 3251 stabilitor
1413 3181 1694 3252 conservandam

188 3295 278 3366 duae
302 3296 336 3365 in
360 3295 481 3390 Tyrcli
505 3295 630 3366 adsunt
653 3296 844 3367 cathedrae
869 3296 1105 3391 EpiscopaleS,
1131 3296 1293 3368 videlicet
1316 3295 1528 3368 Brixinensis
1551 3305 1587 3366 et
1612 3297 1695 3367 Tri-

188 3411 340 3482 dentiua.
365 3411 462 3483 Licet
489 3411 665 3483 Lntherus
695 3419 731 3483 et
763 3412 927 3484 Calvinus
957 3435 1143 3503 eorumque
1176 3412 1348 3497 asseclae,
1381 3413 1441 3482 vix
1471 3435 1536 3484 non
1567 3435 1693 3484 omues

188 3527 399 3599 Germaniae
422 3534 537 3598 terras
560 3527 630 3597 suis
653 3528 824 3619 perversis
848 3528 1012 3599 doctrinis
1036 3527 1093 3598 vel
1116 3551 1161 3598 ex
1184 3535 1273 3615 tote,
1298 3526 1354 3597 vel
1376 3537 1535 3619 exparte
1559 3527 1695 3600 infece-

188 3642 278 3726 rint,
314 3642 437 3737 'l'yroli
473 3650 589 3713 tamen
625 3667 725 3714 suum
757 3644 852 3713 virus
887 3643 1010 3714 afflare
1044 3642 1137 3713 haud
1174 3643 1371 3714 valuerunt.
1404 3643 1597 3715 Comitatus
1636 3645 1695 3716 hic

189 3756 376 3828 successive
399 3757 545 3829 diversis
568 3758 713 3829 dominis
736 3759 867 3851 paruit,
895 3758 1057 3829 videlicet
1080 3758 1235 3849 Regibus
1258 3759 1493 3852 Germanicis,
1519 3757 1696 3830 Romanis

188 3873 407 3961 Consulibus,
431 3872 602 3944 Romanis
625 3874 912 3967 ImperatoribnS,
938 3874 1098 3966 Regibus
1121 3873 1372 3960 Lombardicis,
1397 3873 1550 3943 Ducibus
1573 3872 1696 3945 Bava-

188 3988 280 4075 riae,
305 3988 463 4080 Regibus
486 3989 681 4077 Francicis,
715 3990 864 4060 Ducibus
897 3990 1094 4078 Saxonicis,
1126 3989 1316 4059 Comitibus
1338 3989 1501 4083 propriis,
1528 4011 1592 4059 nec
1623 4012 1695 4062 non

188 4104 462 4191 Andecensibus,
487 4104 757 4175 Meraniensium
783 4105 916 4176 Ducum
941 4104 1045 4176 titulo
1069 4104 1254 4196 insignitis,
1279 4105 1377 4174 subin
1408 4104 1515 4174 etiam
1544 4104 1696 4176 comita-

188 4220 239 4289 tui
262 4219 447 4290 Goritiensi
472 4242 513 4289 ac
537 4220 737 4290 Carinthiae
761 4220 902 4292 ducatui
926 4220 1023 4312 leges
1045 4220 1265 4291 dictantibus.
1289 4221 1382 4306 Istis,
1418 4219 1451 4287 vi
1475 4218 1694 4309 donationiS,

189 4358 210 4404 a
233 4333 466 4427 Margaretha
490 4335 726 4406 Maultaschia
750 4359 839 4408 anno
859 4335 946 4409 1363
968 4336 1083 4407 factae
1105 4343 1140 4406 et
1165 4343 1327 4427 sequente
1348 4335 1524 4422 firmatae,
1554 4358 1696 4408 succes·

187 4460 305 4521 serunt
320 4451 446 4539 Duces,
470 4451 550 4521 deiu
566 4451 780 4523 Archiduces
796 4453 970 4523 Austriae.
987 4453 1131 4545 Appono
1147 4451 1323 4543 Principes
1338 4450 1504 4538 Comites,
1529 4449 1696 4542 'l'yrolim

189 4730 456 4744 ῃ

295 4900 304 4935 ¹
326 4899 447 4964 Brundis,
467 4899 583 4965 Fugger,
602 4899 780 4965 Burglechurr
799 4901 824 4951 in
845 4900 936 4967 Aquila
950 4900 1038 4966 Tyrol.
1058 4901 1108 4952 MS.
1123 4901 1234 4953 Gruncllt
1248 4905 1340 4952 auctus
1359 4901 1384 4951 in
1405 4899 1576 4965 Topogrnph.
1596 4902 1692 4957 Germ.

188 4998 274 5051 Austr.
295 5003 360 5064 part.
379 4997 396 5048 l.
410 5011 477 5071 pag.
497 4997 557 5048 911.
578 4996 611 5048 de
634 4997 741 5049 Schmid
767 4998 792 5049 in
812 4998 839 5049 L.
865 4996 898 5050 de
916 4998 961 5049 SS.
982 4998 1122 5063 Tyroleos,
1148 4998 1221 5049 llohr
1239 4998 1264 5048 tn
1289 4995 1385 5049 Chron.
1405 4996 1494 5061 Tyrol.
1520 4997 1585 5061 Epit.
1607 4998 1690 5055 Cluv.

190 5096 248 5148 Lex.
268 5095 343 5148 lhnsil.
363 5101 389 5149 et
407 5096 458 5147 alil.

295 5192 308 5228 ²
325 5192 412 5245 Locus
430 5193 509 5246 huius
527 5190 665 5245 cathedrae
684 5205 755 5245 nunc
773 5190 955 5257 Sallsburgum
974 5196 1092 5245 vocatur.
