3766 6090
581 417 747 469 psovmc.
772 416 902 468 moa
926 417 981 468 ss.
1005 416 1134 467 sanos.
1159 416 1293 468 nasos.
1645 395 1694 466 37
1761 494 1765 502 1

184 561 253 630 que
274 536 465 623 Conventa,
490 539 624 630 oiqiuti
635 548 790 633 quatuor
808 547 948 610 tantum
972 539 1011 607 iu
1034 539 1243 609 uuiversum
1266 545 1501 609 enumerante
1517 536 1686 624 Fratres,

184 677 280 723 anuo
303 650 485 746 superiori
504 654 641 724 22000
664 655 826 746 fidelium
847 677 954 725 sacro
968 653 1117 746 Synaui
1137 654 1285 744 refecti,
1307 653 1603 745 etquadruqinta
1614 676 1684 745 pu

184 767 299 839 blicae
320 769 547 840 Parocbiales
570 770 814 842 Processiones
845 769 895 840 ud
917 769 957 839 B.
990 768 1195 857 Virqiuem,
1218 791 1310 862 quae
1333 768 1422 838 inibi
1441 768 1598 854 colitur,
1626 772 1685 860 fo·

185 891 264 954 ctae
284 893 377 955 sunt.
401 883 532 978 Nuper
554 909 689 978 quaque
713 887 752 955 in
773 886 855 955 solis
889 886 991 975 festis
1021 883 1217 955 Natalitiis
1246 884 1384 956 Obristi
1405 883 1559 954 Domini
1578 908 1696 978 prope

188 999 345 1091 triqinta
367 998 503 1085 millia,
525 1000 661 1071 scilicet
680 998 818 1071 20810
840 1000 1005 1090 fidelium
1030 1001 1068 1069 iu
1092 1000 1271 1093 aliquibus
1295 1009 1436 1073 tautum
1467 1002 1688 1089 ciuitatibus,

186 1117 294 1201 (nam
318 1117 427 1186 tertia
437 1139 530 1209 pars
545 1116 681 1187 labores
697 1117 755 1187 bos
770 1140 890 1187 sacros
911 1117 1082 1186 scientiae
1106 1117 1177 1187 Dei
1190 1117 1306 1187 ooluit
1319 1122 1548 1206 reservatos),
1570 1141 1693 1190 sacru·

185 1239 305 1301 nanto
334 1232 576 1324 poenitentiae
610 1233 751 1302 animas
785 1233 994 1325 cupierunt.
1030 1232 1075 1302 Si
1106 1256 1189 1323 erqo
1219 1233 1304 1303 baec
1329 1234 1368 1301 in
1390 1233 1473 1303 solis
1495 1233 1693 1304 Natalitiis

192 1345 334 1417 Gbristi
353 1344 521 1432 Domi'ni,
544 1355 579 1417 et
603 1355 759 1439 tempore
784 1355 858 1418 tam
881 1347 1017 1438 friqido
1041 1347 1235 1435 (borreude
1268 1349 1365 1418 enim
1404 1356 1487 1418 tuuc
1511 1350 1607 1440 alqet
1624 1373 1692 1441 pa

189 1461 268 1531 tria
290 1466 428 1549 nostro)
451 1464 678 1552 factasunt,
702 1462 849 1554 quilibet
866 1463 1027 1554 prudeus
1049 1464 1247 1534 coniectare
1266 1471 1403 1556 potest,
1427 1471 1512 1557 quot
1538 1472 1695 1556 tempore

181 1574 370 1667 pascbali,
392 1583 430 1645 et
444 1598 515 1669 per
539 1584 649 1646 totam
671 1578 763 1648 unni
777 1577 972 1670 periodum
994 1579 1249 1668 confiteantur.
1271 1578 1442 1670 Profecto
1468 1580 1506 1649 in
1523 1579 1695 1673 pluribus

188 1689 276 1759 locis
297 1713 369 1760 aon
390 1691 493 1761 modo
515 1691 680 1762 omnibus
702 1691 823 1763 diebus
847 1693 1046 1763 Dominicis
1068 1701 1106 1763 et
1124 1695 1251 1786 festis,
1276 1717 1347 1764 non
1381 1717 1486 1780 unus,
1515 1695 1598 1779 duo,
1626 1702 1696 1765 tres

186 1805 248 1874 vel
262 1806 389 1897 plures
412 1807 452 1875 in
481 1806 777 1878 Conventualibus
809 1808 864 1881 oel
891 1807 1164 1878 Parocbialibus
1192 1809 1380 1881 Gatbedris
1412 1810 1695 1895 concionantur,

186 1920 256 1991 sed
275 1922 384 1992 etiam
406 1921 489 1993 aliis
514 1922 740 2015 temporibus,
763 1923 890 2016 quibus
920 1924 1160 1994 necessarium
1192 1924 1451 1994 concedendum
1479 1934 1532 1994 est
1558 1933 1695 2015 tempus

186 2035 377 2122 studendi,
395 2039 616 2130 praesertim
639 2061 722 2108 cum
742 2039 892 2133 quidam
913 2061 1038 2109 eorum
1061 2039 1252 2108 annuatim
1275 2039 1342 2124 70,
1367 2037 1433 2125 80,
1458 2040 1512 2110 90
1543 2040 1698 2110 babeant

185 2157 379 2224 corwioues.
403 2154 516 2225 Taceo
531 2153 666 2224 labores
687 2155 838 2246 piarum
860 2155 1225 2245 confraternitatum,
1241 2162 1277 2224 et
1291 2153 1427 2226 labores
1451 2154 1546 2240 illos,
1568 2155 1697 2249 quibus

187 2269 408 2359 funqimur,
431 2270 466 2339 si
485 2271 784 2340 communitatum
806 2281 972 2340 armentu
994 2278 1031 2339 et
1049 2292 1180 2362 pecora
1202 2268 1358 2355 morbis,
1381 2270 1417 2338 si
1444 2271 1548 2361 apri,
1566 2278 1696 2362 prata

188 2384 292 2477 alpes
314 2385 447 2455 nocivis
470 2385 648 2455 ominibus
677 2385 826 2479 aliisque
849 2387 1066 2478 infestentur
1097 2386 1236 2456 insectis
1271 2385 1487 2456 animalibus
1517 2394 1554 2456 et
1574 2386 1697 2456 bestio-

188 2499 264 2584 lis,
290 2508 370 2570 tunc
386 2501 525 2591 passim
547 2524 570 2571 a
592 2501 690 2571 nobis
707 2508 886 2594 petuntur
907 2524 1033 2571 sacrae
1055 2500 1329 2583 benedictiones,
1354 2502 1586 2593 aspersiones,
1608 2524 1696 2593 pre-

188 2638 270 2700 ces,
292 2638 395 2685 cerae
419 2615 652 2710 pulveresque
675 2617 876 2686 consecrati.
903 2615 998 2686 Hinc
1025 2617 1180 2710 quodam
1215 2617 1252 2685 in
1287 2615 1358 2686 loco
1391 2617 1521 2707 stripes
1556 2617 1595 2686 oi
1625 2625 1696 2687 tor·

188 2739 398 2801 taenarum
431 2739 573 2803 coactae
606 2734 726 2820 fassae
758 2740 860 2816 sunt,
895 2732 995 2824 lonqe
1011 2732 1146 2824 plura,
1170 2755 1279 2826 quam
1300 2731 1469 2801 0000000
1494 2731 1699 2802 intulerunt

189 2847 368 2931 viciniae,
391 2847 504 2938 fuisse
528 2847 698 2917 illaturus
721 2847 876 2932 damna,
892 2848 927 2917 si
940 2847 1097 2918 Petrum
1112 2855 1319 2917 nostrorum
1335 2848 1511 2918 recensita
1528 2847 1695 2918 antidota

186 2962 266 3032 sibi
287 2962 537 3055 impedimento
559 2985 630 3033 nou
651 2963 815 3055 fuissent.
839 2962 915 3033 Per
937 2964 1022 3033 baec
1045 2985 1127 3053 erqo
1151 2970 1274 3033 nostra
1288 2963 1465 3032 recensita
1481 2962 1697 3054 spiritualia

189 3076 390 3147 Exercitia
412 3076 577 3168 fidelium
600 3077 795 3147 roboratur
818 3078 923 3168 fides,
946 3079 1229 3171 frequentantur
1251 3077 1433 3148 Ecclesiae
1453 3086 1697 3163 sacramenta,

182 3201 424 3286 propaqatur
445 3191 560 3262 cultus
582 3191 755 3278 Divinus,
778 3201 815 3262 et
835 3193 972 3264 debono
999 3217 1086 3285 erqo
1115 3192 1399 3264 sacratissimum
1423 3191 1697 3262 Embaristiam

188 3316 233 3378 et
251 3308 538 3378 sacratissimum
562 3307 695 3378 Missae
727 3309 972 3399 sacrificium,
996 3307 1092 3401 quod
1122 3308 1235 3378 oi'ciui
1266 3307 1460 3391 baeretici,
1494 3307 1590 3375 inter
1614 3329 1698 3398 quos

192 3425 237 3493 iu
260 3423 414 3508 Sueoia,
438 3423 628 3515 Brisqooiu
649 3431 688 3493 et
708 3423 759 3492 00
780 3423 966 3494 Neourum
989 3446 1200 3507 versamur,
1227 3429 1412 3514 tantopere
1426 3420 1698 3491 abominantur.

187 3539 417 3630 Defenditur
440 3540 560 3633 itaque
583 3539 759 3609 articulus
783 3539 1018 3631 Purqatorii,
1053 3538 1147 3632 quod
1179 3537 1290 3607 iidem
1314 3537 1499 3607 Romdnae
1522 3535 1700 3607 Ecclesiae
1766 3558 1768 3565 ’

188 3655 307 3724 hostes
330 3657 542 3745 liquantum
565 3653 804 3747 Papistarum
817 3654 1058 3746 proclamant.
1077 3654 1241 3744 Auqetur
1258 3654 1406 3744 insuper
1420 3651 1546 3722 cadem
1561 3651 1699 3722 deuotio

189 3793 283 3862 erqo
300 3792 448 3862 preces,
473 3769 779 3854 Sacramentalia,
803 3769 1071 3839 Benedicliones
1094 3769 1278 3839 Romanae
1293 3767 1491 3852 Ecclesiae,
1514 3790 1602 3858 quas
1636 3766 1697 3836 lie-

192 3887 363 3957 aruum·
382 3887 648 3978 superstitiones
671 3885 877 3978 appellunt;
899 3886 1173 3976 confunduntur
1197 3885 1347 3977 insuper
1366 3884 1476 3954 iidem
1505 3883 1699 3967 baeretici,

190 4003 260 4096 qui
282 4001 476 4092 Reliquosos
498 4001 542 4070 de
563 4001 739 4073 otiositate
760 4001 856 4071 oilae
879 4000 1109 4085 insimulant,
1133 4000 1221 4069 diem
1245 4022 1393 4069 cernere
1415 3999 1540 4068 debent
1562 4022 1624 4068 uos
1646 3998 1700 4068 iu-

187 4118 291 4210 piter
314 4117 354 4188 in
376 4117 546 4209 obsequiis
569 4117 733 4207 fidelium
754 4117 1006 4209 spiritualibus
1028 4140 1099 4187 esse
1121 4123 1308 4208 occupatos
1321 4140 1337 4200 ;
1361 4116 1433 4185 imo
1456 4116 1600 4206 ipsimet
1617 4115 1701 4184 sim-

191 4233 363 4326 pliciores
384 4234 560 4304 baeretici
575 4241 855 4327 promoventur,
880 4242 923 4303 ut
955 4258 978 4303 a
1001 4234 1101 4303 nobis
1133 4233 1293 4302 clanculo
1323 4231 1508 4323 postulent
1539 4255 1697 4324 aquam,

191 4349 325 4434 salem,
348 4371 471 4419 cerum
495 4349 714 4419 benedictam
748 4350 919 4419 adoersus
946 4349 1146 4439 maleficia,
1171 4347 1297 4440 quibus
1321 4348 1565 4438 infestantar;
1588 4368 1703 4437 neque

194 4474 316 4535 tamar
342 4465 395 4534 itu
417 4464 599 4534 studemus
621 4464 732 4535 saluti
746 4465 1026 4557 prouimorum,
1051 4473 1091 4532 ut
1109 4464 1286 4555 propriae
1309 4462 1584 4546 obliviscamur,
1609 4462 1701 4530 oioi·

192 4604 277 4650 mus
299 4579 496 4650 secundum
517 4579 776 4650 declarationes
800 4579 843 4649 N
842 4580 949 4649 icolui
970 4578 1042 4649 III.
1059 4587 1096 4649 et
1115 4579 1301 4650 Clementis
1325 4578 1379 4662 V.,
1395 4601 1457 4647 nec
1473 4578 1582 4648 solius
1598 4576 1701 4646 Mar-

194 4696 298 4781 thae,
321 4694 518 4765 sedetiam
542 4695 777 4783 Maqdalenae
799 4694 1000 4785 functiones
1022 4703 1058 4764 et
1077 4718 1208 4764 munus
1235 4717 1463 4778 exercemus,
1495 4692 1591 4786 quod
1619 4692 1702 4762 inde

190 4821 353 4897 coastat,
376 4812 473 4906 quod
492 4810 643 4903 sinqulis
665 4811 786 4880 diebus
804 4818 888 4902 post
909 4810 1153 4894 Matutmum,
1169 4809 1265 4904 quod
1276 4833 1345 4901 per
1362 4810 1543 4897 inteqrum
1567 4831 1702 4878 anuum

192 4929 320 5000 media
343 4936 443 4998 nocte
461 4927 717 5020 persolvimus,
741 4926 796 4996 uel
817 4949 953 4996 sumina
988 4949 1093 4996 ruane
1129 4927 1235 4995 irrata
1269 4926 1505 4995 mutationem
1534 4923 1702 5015 temporis

193 5046 395 5136 iuteqram,
418 5051 452 5113 et
469 5052 554 5135 post
580 5042 856 5135 Completorium
878 5041 1038 5112 medium
1060 5041 1187 5111 boram
1202 5041 1431 5111 meditationi
1445 5039 1702 5132 impendamus,

192 5160 367 5233 addentm
392 5160 540 5251 iusuper
563 5166 647 5228 ante
668 5158 828 5228 cubitum
851 5165 1024 5251 quartam
1046 5158 1157 5228 borae
1174 5166 1320 5250 partem
1340 5160 1411 5248 pro
1434 5156 1602 5227 eoeamine
1622 5179 1702 5226 con-

189 5277 370 5351 scientiae
389 5274 570 5368 faeiendo,
592 5274 656 5347 sed
669 5282 706 5345 et
720 5274 913 5346 octiduana
928 5298 1131 5345 recessuum
1145 5273 1323 5344 exercitia
1341 5273 1448 5344 iuocta
1466 5272 1701 5344 Statutorum
