3750 6082
196 368 266 445 315
839 395 1040 448 conostoos

197 517 438 610 propinquiora
461 517 626 607 instituit;
648 517 770 588 diebus
792 519 981 590 Dominicis
1004 542 1045 589 ac
1062 519 1182 599 Fastis,
1206 525 1397 611 praemissa
1419 519 1573 591 dolorosa
1593 521 1650 592 ton

197 634 353 717 sessione,
379 635 414 704 S.
438 635 570 728 Synaxi
593 658 630 705 se
654 638 775 707 reiecit
798 656 831 707 et
858 637 1004 708 multum
1028 639 1192 730 temporis
1212 638 1358 709 orationi
1382 660 1425 708 ac
1448 639 1525 730 piae
1547 638 1649 709 lectiani

197 752 334 822 addixit
347 756 369 824 ¹.

282 868 360 938 fatti.
384 869 511 939 lntuitu
536 871 659 941 matris
689 872 941 941 sustentatione
973 869 1171 961 indigentis,
1192 873 1348 942 animum
1379 886 1511 942 statum
1535 871 1652 963 nortgo

194 1008 270 1055 sum
295 985 523 1077 amplectendi
550 989 696 1057 mutarit
720 1000 755 1058 et
779 987 994 1057 Sacerdotali
1020 988 1223 1058 charactere
1246 990 1428 1077 insignitus
1452 989 1657 1059 Primissatius

193 1102 273 1171 resin
296 1101 447 1173 Curatus
472 1102 649 1174 feclesiae
677 1104 856 1196 t'oplcusis
877 1124 1016 1174 creatus
1037 1114 1101 1174 est.
1125 1105 1161 1174 ln
1185 1104 1248 1174 boc
1270 1115 1365 1175 statu
1392 1127 1518 1175 munus
1536 1105 1657 1175 exactis·

193 1219 269 1289 simi
296 1219 453 1290 Pastoris
475 1219 691 1312 adimplevit,
713 1243 796 1291 ores
818 1244 900 1291 suas
913 1221 1151 1291 catechesibus
1174 1221 1461 1312 frequentissimis
1476 1220 1629 1290 instruenti
1648 1277 1660 1299 ,

192 1336 443 1407 ardentissimis
464 1337 681 1407 concionibus
703 1356 738 1408 et
760 1339 1033 1409 exortationibus
1055 1339 1247 1413 excitando,
1275 1339 1373 1407 suari
1392 1339 1559 1408 virtutum
1577 1337 1665 1407 (dore

194 1452 238 1520 ad
265 1451 373 1522 licum
399 1452 577 1537 trahendo,
601 1460 718 1545 aegris
741 1478 784 1524 ac
807 1453 1016 1526 moribundis
1045 1455 1105 1524 tliu
1129 1472 1298 1546 noctuque
1321 1455 1522 1533 assistendo,
1544 1452 1667 1524 Canis

192 1567 323 1637 sionale
346 1568 608 1661 diligentissime
633 1569 891 1662 frequentando,
907 1570 1024 1663 plures
1045 1569 1244 1642 devotiones
1258 1569 1414 1665 publicas
1432 1570 1552 1640 diebus
1564 1567 1668 1639 Doni-

194 1685 278 1754 uicis
293 1706 333 1753 ac
350 1683 380 1753 1·Ὶ
379 1686 500 1755 estivis
517 1686 684 1772 habendo,
709 1687 795 1756 vitia
818 1687 851 1755 in
868 1686 1046 1756 t‘athedra
1061 1704 1096 1755 et
1118 1685 1276 1758 domibus
1292 1686 1438 1778 privatis
1456 1682 1665 1777 persequendo

192 1815 228 1870 et
251 1801 324 1870 alia
357 1802 505 1872 zelosum
543 1802 722 1874 Pastorem
747 1805 931 1873 attinentia
957 1802 1102 1893 agendo
1129 1802 1196 1871 Per
1219 1802 1362 1894 regulas
1386 1803 1547 1895 optimas
1568 1795 1664 1872 domni

190 1940 274 1987 strae
297 1920 539 2011 praescriptas,
564 1920 665 1990 istam
690 1920 938 1991 Monasteriolo
962 1920 1110 1990 similem
1141 1918 1308 2007 reddiditf.
1335 1917 1490 1989 ordinem
1522 1918 1659 1988 diurnum

191 2034 410 2105 exactissime
432 2035 651 2121 observavit,
685 2032 832 2107 muitum
865 2037 1028 2128 temporis
1049 2035 1194 2107 orationi
1225 2036 1315 2105 in·et
1345 2044 1523 2119 externae,
1553 2036 1584 2104 in
1609 2049 1664 2123 qua

194 2151 280 2222 mire
302 2174 362 2223 cor
384 2153 459 2222 eius
483 2152 653 2223 cotiraluit
676 2164 712 2223 et
735 2155 768 2223 in
792 2154 982 2246 ignivomos
1005 2154 1155 2225 affectus
1177 2153 1351 2245 prorupit,
1382 2152 1532 2242 dicarit3
1557 2174 1609 2222 ser
1628 2142 1664 2217 ad

192 2268 369 2338 minimum
395 2268 524 2338 vicibus
546 2290 607 2361 per
629 2269 720 2339 diem
746 2269 808 2339 SS.
833 2268 1096 2340 Sacramentum
1122 2269 1254 2339 ,litaris
1275 2269 1403 2354 inrisit,
1436 2291 1505 2339 una
1527 2269 1661 2340 atteram

192 2382 279 2454 liora
301 2384 401 2454 subin
426 2386 459 2453 in
483 2385 584 2454 unica
615 2385 677 2455 tali
703 2386 898 2456 visitatione
921 2396 1133 2477 cousumpta,
1166 2384 1441 2476 imperfectiones
1462 2392 1596 2456 suaset
1617 2378 1663 2452 ni·

191 2499 284 2571 nima
307 2518 458 2595 peccata,
484 2500 647 2595 lacrymis
663 2502 848 2572 inundatus
874 2503 907 2571 iu
934 2503 1007 2573 soro
1024 2502 1276 2572 Sacramentali
1299 2503 1471 2594 exposuit,
1489 2502 1552 2571 tali
1576 2501 1665 2570 imbre

190 2618 295 2687 etiarn
321 2640 422 2712 saepe
447 2618 480 2686 in
504 2618 566 2688 SS.
591 2618 721 2687 Missae
745 2618 923 2688 Sacrificio
947 2619 1123 2710 irrigatus,
1146 2619 1186 2688 B.
1203 2618 1245 2687 Υ.
1270 2618 1423 2688 Mariam
1447 2641 1511 2689 ceu
1532 2619 1663 2688 Matreu

192 2735 377 2803 tenerrimo
401 2757 518 2804 amore
541 2734 725 2827 excipiens.
750 2735 795 2803 ad
820 2736 989 2826 imagines
1011 2735 1086 2804 eius
1108 2734 1234 2825 gratiis
1263 2734 1419 2805 celebres
1450 2734 1567 2828 plures
1588 2753 1665 2828 pere

192 2850 402 2935 prinatioues
426 2851 584 2927 instituit,
609 2849 708 2919 subin
743 2850 885 2943 speciali
923 2851 1042 2921 saror-e
1077 2851 1196 2921 aDeo
1217 2860 1399 2944 exceptas3
1423 2852 1513 2921 enim
1538 2875 1618 2922 vero
1637 2871 1666 2920 ea

190 2989 280 3037 trono
307 2967 390 3037 1724
414 2992 491 3037 cum
516 2966 583 3036 210
606 2967 757 3057 personis
780 2965 825 3035 ad
850 2966 1002 3036 Matrem
1028 2966 1301 3038 Einsidleusem²
1337 2969 1583 3060 peregrinante
1606 2965 1672 3037 etti

190 3084 333 3154 navibus
358 3084 486 3154 Lacum
513 3084 713 3167 traiiciente,
739 3105 805 3152 una
829 3085 972 3153 istarum
998 3108 1041 3153 ex
1076 3084 1177 3177 culpa
1212 3085 1394 3154 Nasarclti
1419 3084 1553 3154 malum
1577 3084 1676 3176 perdi·

190 3201 259 3291 «tit,
283 3212 321 3270 at
344 3201 407 3273 troc
432 3201 686 3283 nonobstante,
713 3180 779 3269 ista
803 3200 926 3275 locum,
949 3225 970 3269 a
996 3200 1172 3272 Schmidio
1200 3200 1365 3272 altdorff
1387 3201 1531 3283 dictum,
1556 3201 1677 3291 attigit.

192 3317 292 3387 Nova
315 3318 404 3386 enirn
430 3317 586 3387 anxietas
621 3315 819 3407 peregrinos
852 3314 979 3391 affecit.
1006 3332 1126 3410 utpote
1162 3317 1284 3407 quibus
1311 3315 1421 3386 altum
1445 3340 1488 3386 ac
1512 3326 1678 3410 petrosum

191 3435 313 3503 irruatis
337 3440 466 3526 iugum,
490 3433 562 3504 sole
585 3432 778 3502 clarissime
802 3431 939 3501 lucente
962 3442 995 3501 et
1013 3431 1128 3503 oculos
1146 3432 1301 3507 saliente.
1317 3431 1575 3503 ascendendum
1592 3442 1682 3503 erat:

187 3566 224 3619 at
248 3552 304 3620 vix
329 3552 480 3621 ascensui
518 3551 651 3619 initium
686 3550 806 3634 secere,
843 3549 1003 3642 apparuit
1039 3571 1150 3640 parra
1185 3548 1363 3634 nubecula,
1387 3548 1471 3620 solis
1495 3550 1612 3619 radios
1638 3551 1683 3619 ita

187 3690 316 3752 arcens,
343 3678 376 3737 ut
403 3668 466 3736 abs
489 3666 692 3736 difficultate
717 3665 761 3735 ad
785 3665 916 3757 apicem
943 3665 1012 3755 iugi
1036 3666 1264 3757 pervenerint,
1301 3665 1366 3735 hoc
1400 3665 1494 3736 sacto
1516 3666 1613 3737 ocius
1636 3665 1686 3736 tli-

186 3806 329 3874 spurcus
344 3789 365 3852 ⁴.

273 3901 350 3970 :tttt
376 3901 468 3970 inter
490 3910 622 3970 ceteros
646 3899 708 3969 sS.
734 3900 909 3971 Patronus.
941 3921 1027 3989 quos
1063 3898 1245 3991 impensius
1278 3898 1393 3985 coluit,
1419 3901 1453 3968 in
1481 3909 1683 3994 computum

187 4018 326 4086 vettium
351 4017 385 4087 S.
412 4017 613 4087 l·'ranciscus
639 4016 856 4108 Seraplticus,
880 4015 976 4084 cuius
992 4015 1035 4084 ob
1050 4026 1247 4107 susceptum
1265 4016 1406 4085 tertium
1424 4015 1592 4086 t'trdinem
1613 4040 1689 4087 exs-

187 4133 258 4202 titit
280 4134 503 4221 dignissimus
527 4133 630 4219 lilius,
656 4155 715 4201 nec
741 4155 802 4202 non
829 4132 863 4200 S.
888 4131 1089 4201 Francisctts
1113 4132 1296 4218 Xaverius,
1313 4132 1366 4201 cui
1383 4132 1567 4223 specialem
1585 4157 1688 4205 arant

186 4252 355 4337 attribuit,
391 4261 426 4322 et
462 4275 522 4344 pcc
557 4253 628 4322 eius
663 4250 935 4321 intercessionem
974 4249 1074 4341 plura
1110 4248 1277 4319 beneficia
1311 4249 1442 4320 retulit..
1468 4250 1589 4320 litam
1615 4254 1691 4344 egit

186 4369 338 4439 maximo
362 4380 550 4456 rosteram,
576 4368 720 4453 luntas,
746 4367 846 4436 anilo
882 4365 1037 4443 brachia,
1071 4387 1175 4437 crtu’a
1209 4374 1244 4435 et
1268 4365 1372 4457 pedes
1394 4366 1537 4435 acrilrus
1565 4366 1691 4438 ciliciis

184 4509 261 4555 curn
287 4508 390 4556 carne
415 4486 581 4555 coucrctis
603 4496 646 4555 et
661 4508 738 4554 cttm
765 4485 835 4576 ipso
857 4481 1008 4574 sepultis
1032 4481 1152 4552 cinxit.
1177 4481 1231 4552 Ex
1255 4483 1355 4554 dorso
1376 4505 1439 4553 suo
1453 4484 1601 4575 copiosis
1627 4484 1691 4556 ila-

184 4602 353 4687 gellorum
379 4602 500 4673 ictibus
525 4603 660 4695 largum
685 4601 888 4693 sanguinem
913 4598 1039 4669 elicuit.
1063 4598 1195 4692 Porpus
1210 4622 1309 4669 sunm
1332 4607 1427 4671 reste
1443 4603 1688 4693 poenitentiali

291 4932 298 4966 ¹
319 4932 426 4985 Scttrubt
446 4933 470 4983 in
490 4933 535 4984 rit
554 4932 598 4983 Sa
619 4930 706 4994 Tyrot.
728 4938 792 4994 part.
814 4927 836 4980 i.
857 4942 882 4993 p.
903 4928 962 4979 220.
981 4934 1006 4977 et
1025 4924 1146 4990 pluribus
1163 4939 1219 4992 seq.

289 5031 495 5096 ²l’crmgrinatio
515 5032 579 5082 tram
597 5032 621 5080 in
650 5029 786 5079 (icrtttattitt
812 5024 991 5077 celeberrima.
1013 5024 1037 5073 in
1064 5023 1163 5086 opttblo
1192 5022 1321 5074 Eittst'rletn
1340 5021 1391 5075 snb
1409 5029 1520 5076 cantone
1539 5023 1680 5079 thumum

183 5129 264 5179 siritio
283 5137 422 5183 coarctato.
444 5142 545 5179 mitrato
566 5126 651 5179 natet.

289 5227 301 5260 ³
321 5228 505 5279 t'em-botttor
524 5241 572 5291 pro
591 5228 640 5277 tnu:
660 5227 716 5276 too
734 5221 931 5275 solistituendus
949 5228 986 5269 est
1008 5219 1080 5268 lmus
1104 5217 1250 5273 tlteolnttar.
1272 5219 1338 5271 taetri
1359 5220 1488 5283 tigmine
1506 5221 1645 5275 adiacens.

289 5324 299 5357 ⁴
319 5326 434 5377 seruato.
454 5328 494 5375 cit.
516 5340 540 5389 p.
562 5324 620 5375 2:27.
642 5331 664 5373 et
686 5322 805 5387 ploratur<
824 5336 878 5388 seq.
