3766 6090
586 395 751 455 inaura.
773 393 903 454 mnan.
926 392 982 454 ur.
1006 392 1131 454 ursos.
1155 393 1285 452 annon.
1629 366 1693 452 too

181 543 390 621 expressam
415 534 451 599 et
473 527 523 598 M.
548 527 583 597 S.
607 527 779 599 Asceterii
812 527 1104 613 Bernsteinensis,
1142 525 1321 603 Dominica
1345 525 1504 616 proxima
1527 530 1602 617 post
1626 525 1692 597 Fe·

184 650 282 713 stum
308 642 343 713 S.
367 643 554 714 Michaelis
577 641 703 714 Altare
727 642 928 714 Eremitorii
952 643 1052 714 istius
1076 644 1110 712 in
1135 643 1297 714 honorem
1321 642 1361 712 B.
1387 643 1428 713 V.
1446 642 1584 737 Mariae
1600 666 1627 714 s.
1645 644 1692 714 ri-

186 760 285 831 tibus
308 760 544 853 inauguravit.
567 760 736 831 Refertur
759 759 899 853 quidem
923 771 1036 831 actum
1060 759 1152 830 hunc
1175 759 1693 831 ininstrumentoadan.1420

189 877 366 964 revocari,
392 884 448 948 ast
470 900 548 948 cum
574 877 785 949 Consecraus
807 877 914 948 etiam
939 877 974 947 in
998 876 1065 948 isto
1088 884 1230 948 vocetur
1253 876 1508 968 suffraganeus
1532 876 1692 966 Henrici,

176 990 253 1084 Ep.
279 991 569 1082 Constantieusis,
595 1015 705 1064 annus
728 994 783 1064 hic
808 993 899 1085 ruit;
933 993 1059 1063 etenim
1094 993 1193 1064 iuxta
1227 993 1403 1084 cathalag.
1428 992 1490 1085 Ep.
1516 992 1690 1065 Constant.

190 1111 463 1182 recentissimum
488 1133 544 1182 an.
572 1111 658 1183 1420
680 1111 762 1183 Otto
779 1112 834 1183 lll.
844 1166 853 1202 ,
869 1111 1030 1183 Marchio
1045 1111 1340 1202 HachbergensiS‚
1358 1111 1394 1180 in
1411 1109 1590 1181 Cathedra
1606 1109 1692 1181 Con·

189 1234 294 1299 stant.
319 1227 419 1299 sedit.
443 1229 485 1299 D.
510 1229 733 1300 Hermanuus
754 1228 887 1299 Zimrcr
911 1227 1186 1320 cohaeredesque
1208 1228 1295 1315 eius,
1320 1227 1503 1330 Fratribus
1526 1226 1618 1297 circa
1634 1226 1693 1296 sil·

190 1366 274 1415 ram
299 1343 396 1415 litem
420 1354 613 1432 moventes,
639 1367 696 1426 an.
724 1343 808 1415 1378
830 1367 890 1436 per
914 1344 1087 1437 publicum
1104 1344 1369 1415 instrumentum
1386 1342 1542 1414 confiteri
1566 1342 1692 1413 debue-

190 1468 290 1548 runt,
314 1460 463 1552 pretium
487 1483 559 1533 esse
583 1461 752 1550 solutum,
776 1469 811 1532 et
834 1461 899 1532 sibi
935 1461 1069 1531 nullum
1105 1460 1156 1531 ius
1179 1460 1328 1554 amplius
1349 1460 1384 1530 iu
1408 1459 1532 1530 silvam
1557 1481 1691 1552 campe·

189 1583 275 1648 lare.
300 1575 412 1649 Adest
435 1577 588 1671 diploma
610 1577 804 1651 donationis
830 1577 942 1665 fundi,
966 1599 1009 1648 ex
1034 1577 1273 1649 Germanismo
1296 1575 1342 1647 ad
1366 1575 1597 1646 Latinismum
1620 1582 1692 1644 tra·

188 1692 334 1764 ductum
346 1696 365 1764 ¹.

285 1923 458 1996 Omnibus
474 1933 683 2018 praesentes
706 1927 937 2021 inspecturis,
961 1925 1015 1996 cel
1036 1926 1106 2019 leqi
1126 1924 1317 1997 arrdituris.

282 2041 516 2113 Hermannus
537 2041 582 2111 de
609 2042 695 2128 Cra,
719 2043 836 2114 dictus
870 2066 978 2114 senen
1004 2043 1047 2112 de
1071 2043 1328 2132 Iluruinpen‘,
1353 2037 1502 2112 Ioannes
1532 2046 1569 2111 ct
1589 2039 1691 2112 Mar-

187 2159 376 2255 quardus,
399 2161 476 2230 eius
499 2158 591 2250 filii,
615 2168 740 2232 notum
762 2161 940 2253 suarinas,
964 2167 1083 2229 nostro
1098 2161 1209 2231 etiam
1226 2158 1469 2229 etliaerecium
1486 2166 1691 2229 nostro-rum

186 2277 277 2348 borao
301 2275 538 2362 consulentes,
562 2299 624 2348 uos
641 2277 887 2370 praesentiat
907 2276 1093 2346 liberrimo
1117 2277 1258 2360 anima,
1292 2282 1399 2368 atque
1432 2298 1513 2344 cunr
1543 2297 1690 2360 eorum,

186 2415 347 2486 quorum
371 2392 538 2478 interest,
560 2415 747 2476 consensu,
772 2392 885 2464 solnm
903 2400 1057 2486 propter
1080 2392 1196 2463 Deum
1230 2392 1456 2462 renuntiasse
1490 2392 1589 2461 oriani
1615 2392 1691 2460 iuri

187 2516 226 2579 et
258 2508 436 2595 dominio,
471 2509 567 2604 quod
600 2509 726 2603 adepti
758 2534 882 2580 sumus
915 2517 952 2580 et
982 2509 1140 2602 adipisci
1155 2532 1356 2602 possemus,
1379 2507 1430 2578 acl
1450 2507 1579 2578 siloam
1609 2531 1691 2576 cum

187 2624 325 2716 suado,
349 2633 385 2694 et
406 2626 508 2695 omni
530 2626 609 2696 iure
632 2633 669 2696 et
688 2649 730 2697 re
752 2626 868 2698 erdem
891 2627 1126 2712 adhaerente,
1150 2651 1258 2721 quam
1275 2626 1425 2696 emimus
1442 2650 1464 2696 a
1484 2626 1641 2697 strenuis
1655 2632 1694 2695 et

188 2739 381 2810 Nobilibus
411 2740 562 2812 Vasallis
591 2740 775 2828 Conrado,
800 2742 1009 2814 Hermanno
1032 2751 1067 2812 et
1089 2742 1267 2829 Henrico,
1302 2743 1404 2835 arrlqo
1428 2742 1691 2813 Zimmeriauis

187 2877 238 2925 ex
261 2855 545 2943 Hanroturuer⁸,
569 2866 818 2951 nuncupatum
841 2857 1053 2944 Bernstein,
1076 2860 1182 2929 sitam
1207 2859 1433 2929 indistricta
1456 2857 1690 2951 Horqenzim-

188 2973 376 3059 mariano,
398 2997 422 3043 a
445 2972 532 3044 calle
555 2973 821 3046 Berusteiuensi
846 2976 1028 3070 usquead
1048 2976 1145 3046 uiam
1168 2976 1400 3068 auqrilarem,
1424 2984 1460 3045 et
1480 2975 1562 3046 inde
1581 3000 1689 3070 usque

188 3086 241 3158 ad
262 3088 427 3180 fodinam
450 3091 665 3163 arenariam
687 3098 722 3161 et
743 3092 868 3162 callem
891 3093 1004 3162 alum
1029 3091 1249 3163 adiacentem
1260 3093 1383 3184 pratis
1399 3091 1691 3185 Kilperqeusibus

191 3205 231 3275 iu
259 3203 368 3292 Orba,
396 3213 574 3300 totumque
596 3209 727 3293 solum,
746 3210 869 3301 pratis
890 3208 1069 3295 adsiturn,
1085 3232 1193 3300 usque
1209 3209 1259 3279 acl
1272 3232 1438 3302 camporum
1461 3207 1689 3294 Wr‘senamli

188 3343 273 3390 cum
295 3320 458 3391 omnibus
481 3322 624 3392 ruribus
647 3323 795 3416 aliisque
817 3323 1101 3396 adhaerentibus.
1135 3325 1251 3416 Atque
1283 3323 1368 3394 baec
1403 3347 1525 3395 amore
1557 3323 1629 3395 Dei
1657 3332 1693 3394 et

187 3437 318 3509 salutis
340 3438 486 3508 arrr'ruae
508 3447 654 3510 nostrae
676 3439 868 3525 desiderio,
892 3448 996 3534 atquc
1018 3439 1259 3533 promovendi
1278 3439 1392 3510 cultus
1415 3448 1452 3510 et
1470 3439 1615 3510 lionoris
1636 3438 1691 3509 di-

186 3553 270 3624 aiui
286 3555 431 3645 qratia,
454 3553 607 3625 barrestis
630 3579 672 3625 ac
694 3555 869 3648 reliqiosis
897 3555 1096 3627 Fratribus
1126 3555 1248 3627 Uirico
1270 3563 1306 3625 et
1327 3555 1468 3626 Adamo
1482 3559 1515 3641 ⁴,
1539 3553 1691 3649 aliisque

186 3668 248 3739 bic
272 3669 342 3740 loci
363 3671 567 3764 inquilinis,
591 3671 754 3743 diuinam
789 3673 1038 3766 lmnestamque
1060 3673 1171 3743 uitam
1194 3673 1411 3758 m'aentibus,
1434 3671 1523 3743 dato
1546 3696 1569 3742 a
1593 3672 1690 3743 nabis

187 3792 225 3856 ei
247 3785 381 3856 denaia
403 3794 527 3871 sunta,
551 3787 638 3858 adeo
661 3788 825 3883 quidem,
849 3797 892 3858 nt
918 3788 960 3857 bi
985 3790 1092 3881 pleno
1127 3790 1209 3859 inre
1242 3797 1278 3858 et
1310 3789 1528 3859 auctoritate
1559 3788 1689 3860 siluam

180 3901 415 3994 praedantem
438 3926 520 3974 cum
543 3903 627 3974 aliis
649 3903 913 3999 quibuscunque
946 3904 997 3975 ad
1028 3929 1108 3975 eam
1141 3906 1378 3998 spectantibus
1408 3907 1563 3978 babeant
1577 3908 1691 4000 possi·

187 4016 385 4112 deautque,
408 4026 516 4113 alque
537 4018 582 4090 de
603 4043 646 4091 ea
669 4019 777 4091 libere
798 4028 833 4090 ei
855 4021 970 4114 quiete
992 4021 1179 4114 disponere
1212 4023 1365 4093 ualeant.
1407 4023 1542 4099 Quodsi
1571 4031 1690 4095 tamen

186 4136 428 4226 annumeret,
450 4135 611 4227 fundum
633 4137 886 4230 supradictum
910 4137 1085 4223 interire,
1108 4137 1263 4208 autcius
1285 4162 1500 4231 possessores
1522 4139 1688 4231 deficere,
1800 4138 1803 4143 ’

187 4257 260 4321 aut
278 4249 435 4322 bernium
458 4251 619 4337 intrare,
646 4252 755 4345 impie
776 4261 813 4323 et
834 4253 906 4323 Dei
940 4255 1069 4325 tunore
1085 4256 1280 4347 postposito
1304 4255 1478 4340 uiuentes,
1503 4255 1688 4341 uolumus,

186 4373 233 4437 ut
252 4366 344 4437 silua
366 4367 489 4437 eadem
510 4392 591 4438 cum
614 4368 776 4439 amnibus
799 4368 940 4438 iuribus
962 4377 996 4439 et
1017 4369 1100 4440 aliis
1116 4370 1391 4441 adllaerentibus
1408 4369 1457 4440 aa
1480 4369 1688 4441 Clarrstrum

186 4480 392 4574 Biusdorf⁶
415 4482 589 4578 huiusque
610 4485 818 4556 claustrales
850 4485 1015 4577 Virqines
1037 4486 1266 4572 cleuolaatur,
1290 4494 1396 4579 atque
1420 4486 1458 4554 in
1481 4485 1613 4555 barum
1630 4507 1689 4555 ar·

186 4598 301 4670 bitrio
323 4607 359 4670 et
379 4600 559 4671 uoluntate
581 4610 667 4688 stet,
690 4603 819 4673 sileam
843 4607 910 4672 aut
924 4603 1108 4695 possi'dere
1131 4611 1198 4673 aut
1217 4603 1385 4675 alienare.
1411 4603 1578 4696 Dumque
1604 4600 1688 4671 baec

187 4754 457 4781 -ᾴ--Δ-

298 4839 307 4874 ¹
327 4837 410 4892 llueb.
431 4840 455 4890 in
475 4836 570 4892 coron.
590 4840 639 4893 coi.
664 4839 737 4892 1313.
757 4839 830 4894 Cout.
850 4839 911 4894 Orb.
932 4841 1039 4906 serapti.
1059 4845 1075 4892 t.
1096 4840 1121 4894 3.
1141 4856 1167 4907 p.
1188 4839 1247 4893 355.
1267 4840 1361 4895 Chron.
1383 4841 1457 4893 Prov.
1478 4837 1565 4904 Tyrol.
1585 4834 1688 4890 Franci·

184 4953 258 4994 soen.
279 4953 307 5004 p.
328 4933 579 4990 insomniorum.
599 4938 675 4990 Prov.
696 4939 784 5003 Tyrol.
806 4938 966 4991 Franclsran.
986 4952 1017 4991 ac
1035 4939 1141 4992 llouast.
1162 4939 1301 4993 Bernstein.
1322 4939 1516 4992 Tertinriorum.

296 5035 308 5071 ²
326 5036 467 5102 Htrttugen.

296 5131 309 5169 ³
326 5132 486 5200 Comptlutor
505 5131 638 5187 protocolli
658 5134 798 5187 Bernsmn.
819 5148 866 5200 por
885 5135 973 5206 locum
992 5136 1061 5188 lnuuc
1081 5131 1254 5191 tlbuntwsiter
1272 5135 1395 5200 intelligit.

297 5229 309 5266 ⁴
327 5230 424 5286 Cttstus
443 5232 520 5298 legit:
540 5232 608 5284 Utric
626 5239 652 5286 ct
669 5231 717 5284 ant
736 5246 782 5285 sou
802 5232 900 5298 Adam,
921 5234 971 5286 troc
989 5240 1027 5287 est
1046 5232 1165 5286 Udnirtro
1184 5237 1209 5285 et
1227 5231 1341 5295 Adamo,
1361 5237 1406 5285 aut
1424 5236 1494 5285 certe
1513 5227 1596 5285 Abeli.

296 5328 310 5366 ⁸
326 5330 492 5384 Parthenium
512 5332 574 5398 troc,
593 5325 682 5384 Ordtnt
702 5331 727 5382 S.
742 5328 867 5385 Domintci
881 5330 1059 5398 adscriptum,
1072 5333 1139 5385 tuter
1151 5331 1310 5398 Hechtngam
1323 5336 1348 5383 ot
1362 5329 1550 5384 Berustctnlum
1565 5328 1687 5387 occurrit.
