3750 6082
186 358 250 429 122
826 376 1031 427 cunomcorr

269 502 323 572 99.
348 501 519 585 Ecclesia,
545 501 579 571 8.
606 501 783 593 Stephano
811 500 1083 595 Proto-Martyri
1106 500 1263 588 addicta,
1283 500 1573 571 anniversarium
1599 502 1691 572 dedi·

182 617 324 688 cationis
349 616 508 703 ultimae,
545 639 566 686 a
603 617 902 687 Reverendissimo
937 617 979 686 D.
1016 617 1203 687 llrancisco
1238 616 1281 688 de
1309 617 1487 687 Adelman
1514 617 1561 686 de
1586 616 1691 689 Adel·

182 732 416 819 mansselden,
441 732 504 825 Ep.
530 732 756 802 Mactariensi
781 741 815 802 et
841 733 984 826 Pro-Ep.
1010 732 1232 824 Augustano,
1259 755 1314 803 an.
1335 732 1422 803 1767
1439 732 1497 803 die
1519 734 1572 803 ll.
1589 733 1688 805 Octo-

183 851 252 919 bris
275 849 319 919 ad
343 848 505 918 ellectum
530 848 713 934 deductae,
739 848 918 919 Dominica
934 848 1085 918 secunda
1100 848 1259 919 Octobris
1283 848 1449 918 celebrat.
1478 849 1687 919 Friessenses

183 965 341 1052 tradunt,
366 963 454 1055 quod
480 964 639 1056 Capella,
664 965 698 1034 in
722 964 818 1033 cuius
844 964 947 1034 lundo
970 964 1215 1050 01011010031,
1239 963 1322 1034 olim
1346 964 1463 1056 prima
1488 963 1554 1036 loci
1581 964 1686 1036 Paro-

182 1080 260 1150 chia
285 1079 764 1170 0111110111,110011111111111
789 1079 868 1149 hnic
892 1079 1072 1172 positivum
1098 1080 1307 1171 suffragium
1332 1079 1419 1151 dare
1445 1081 1570 1159 nolim,
1594 1092 1684 1151 atta·

183 1220 260 1266 men
285 1197 409 1283 sentio,
433 1196 522 1287 qnod
546 1196 578 1264 in
603 1218 646 1265 ea
668 1196 751 1266 olim
769 1195 990 1265 parochialia
1008 1196 1137 1266 fuerint
1154 1195 1321 1287 producta
1339 1219 1497 1267 munera.
1517 1198 1681 1268 Iudicium

184 1315 246 1384 hoc
270 1323 461 1403 suggerunt
484 1312 619 1405 lampas
642 1336 759 1382 coram
785 1313 1008 1383 Sanctissimo
1025 1320 1106 1384 ante
1123 1313 1407 1385 introductionem
1432 1315 1681 1386 Franciscano-

184 1453 258 1499 rum
287 1429 427 1515 ardeus,
463 1429 713 1520 Baptisterium
737 1436 773 1498 et
796 1429 973 1499 Cathedra
997 1430 1029 1498 in
1054 1453 1097 1500 ea
1122 1438 1311 1517 morantes,
1336 1432 1607 1518 coemeterium,
1630 1456 1679 1504 os-

182 1544 341 1630 siarium,
367 1544 469 1614 aedes
492 1544 716 1614 Parochiales
739 1544 851 1614 eidem
877 1545 1087 1630 adiacentes
1111 1570 1151 1616 ac
1167 1546 1408 1617 anniversaria
1434 1547 1679 1619 1111011110-

182 1660 291 1729 derna
314 1659 486 1745 Ecclesia,
523 1683 576 1729 an.
617 1659 702 1730 1763
736 1660 921 1753 ampliata,
944 1669 1114 1749 coarctat
1147 1671 1297 1753 quatuor
1326 1662 1486 1749 Altaria,
1520 1663 1679 1733 videlieet

182 1797 371 1861 sumnmm,
394 1774 558 1866 (quotidie
583 1775 855 1868 privilegiatum)
874 1776 908 1846 S.
926 1776 1092 1868 Stephani
1125 1777 1436 1871 Proto-Martyris
1461 1787 1498 1848 et
1523 1779 1595 1849 tria
1618 1779 1677 1848 mi·

184 1912 284 1979 nora,
310 1913 430 1983 nempe
454 1892 492 1961 B.
517 1892 558 1959 V.
584 1891 737 1977 hieriae,
765 1892 798 1962 S.
818 1892 961 1962 Antonii
988 1892 1148 1963 Patavini
1173 1904 1208 1965 et
1233 1895 1310 1964 lesu
1335 1893 1436 1964 Cruci
1463 1893 1573 1965 affixi.
1590 1897 1625 1965 ln
1641 1918 1681 1967 ea

184 2008 296 2098 quiete
320 2030 381 2077 sua
408 2008 535 2078 fruitur
557 2030 680 2098 corpus
705 2007 738 2077 S.
765 2007 914 2078 Rosulae
940 2009 1127 2101 Martyris,
1154 2009 1288 2103 proprio
1314 2011 1451 2080 nomine
1477 2012 1681 2103 insignitae,

185 2146 229 2193 ex
253 2124 455 2195 coemeterio
480 2124 606 2193 Calixti
631 2124 676 2192 ah
699 2122 776 2191 Em.
809 2122 960 2215 Casparo
984 2125 1026 2194 de
1051 2125 1237 2218 Carpineo,
1263 2125 1449 2196 Cardinale
1473 2136 1509 2196 et
1535 2126 1598 2220 up.
1624 2126 1683 2197 Sa-

187 2240 341 2319 biniensi,
366 2249 579 2325 extractum,
605 2248 640 2309 et
663 2260 717 2307 an.
745 2236 835 2309 1705
857 2241 1058 2331 expositum.
1083 2245 1318 2311 Asservantur
1340 2264 1475 2333 quoque
1499 2242 1556 2313 hic
1579 2243 1684 2337 parli-

185 2354 263 2426 cula
289 2356 322 2425 S.
349 2356 483 2441 Crucis,
519 2372 554 2424 et
588 2355 769 2447 Reliquiae
804 2357 1018 2427 diversorum
1055 2357 1278 2444 Sanctorum,
1305 2379 1424 2449 nempe
1451 2357 1486 2427 S.
1511 2358 1683 2429 Ambrosii

185 2472 262 2564 Ep,
288 2473 423 2543 Antonii
448 2473 630 2559 Patavini,
656 2473 832 2544 Laurentii
858 2473 923 2561 11,
960 2473 1070 2543 Blasii
1106 2474 1187 2568 Ep,
1213 2474 1422 2561 Therasiae,
1449 2475 1622 2567 Stephani
1651 2485 1684 2546 et

185 2588 343 2659 aliorum.
368 2588 437 2658 Pro
462 2588 575 2658 salute
599 2588 791 2659 animarum
819 2589 947 2659 faciunt
972 2590 1094 2659 tertius
1117 2590 1210 2661 Ordo
1235 2591 1269 2661 S.
1295 2590 1488 2676 Francisci,
1506 2591 1684 2663 Conventa

186 2703 245 2773 rix
268 2712 382 2774 erecto
411 2704 641 2791 introductus,
678 2705 1078 2776 Archi-Confraternitas
1103 2705 1137 2775 S.
1163 2705 1202 2775 Ρ.
1227 2705 1271 2776 Ν.
1296 2705 1489 2792 Francisci,
1514 2730 1573 2778 an.
1603 2707 1685 2779 lert

189 2820 243 2890 hic
267 2820 397 2907 locata,
423 2821 827 2892 Archi-Confraternitas
845 2821 878 2891 8.
895 2821 1080 2892 Michaelis
1099 2821 1331 2913 Archangeli,
1350 2822 1549 2893 Monacensi
1568 2824 1688 2895 adiun-

188 2943 262 3023 cta,
289 2936 565 3007 Confraternitas
601 2937 679 3007 viae
716 2938 852 3024 CruciS,
888 2937 1213 3024 an.176?erocta,
1244 2938 1386 3008 verbum
1413 2938 1524 3009 Deia
1556 2939 1688 3011 duobus

188 3053 503 3139 ConciouatoribuS,
529 3076 593 3122 uno
623 3053 822 3124 Parochiali
858 3053 976 3123 diebus
1012 3054 1200 3124 Dominicis
1223 3077 1263 3123 ac
1288 3052 1438 3137 festiviS,
1463 3054 1577 3125 altero
1602 3056 1688 3126 Con-

187 3168 340 3238 ventuali
365 3169 399 3238 iu
423 3168 579 3238 Ecclesia
603 3169 797 3238 Conventus
821 3169 854 3237 in
879 3169 1066 3239 Dominicis
1091 3170 1273 3240 menstruis
1295 3181 1330 3239 et
1354 3169 1564 3261 quibusdam
1590 3171 1684 3260 aliis,

188 3285 416 3376 propositum,
442 3294 476 3354 et
500 3287 558 3356 via
584 3285 717 3372 Crucis
742 3308 796 3354 an.
835 3284 919 3354 1732
953 3294 1079 3355 erecta.
1105 3286 1213 3376 Viget
1236 3285 1291 3355 liic
1316 3286 1414 3356 subin
1439 3286 1687 3380 Philosophia,

187 3400 285 3469 subin
311 3400 513 3490 Theologia.
539 3401 682 3471 Fratres
705 3401 750 3470 96
764 3401 902 3470 circiter
918 3400 1061 3470 aluntur
1076 3423 1119 3471 ex
1135 3424 1237 3471 sacra
1260 3401 1495 3495 eleemosyna,
1514 3424 1558 3472 ex
1575 3402 1689 3473 diver·

188 3516 233 3585 sis
258 3517 408 3585 lontibus
433 3525 611 3603 manante,
636 3516 774 3608 speciali
798 3516 1010 3607 gratitudine
1034 3515 1518 3593 lteverendiss.,fundatorem
1544 3518 1688 3609 eiusque

189 3653 401 3702 successores
424 3632 467 3699 nb
490 3653 642 3701 annuam
667 3632 917 3725 eleemosynam
943 3642 977 3702 et
1001 3631 1093 3719 loca,
1118 3632 1324 3704 collecturae
1356 3632 1402 3701 at»
1433 3632 1556 3703 iisdem
1587 3634 1689 3703 attri-

189 3747 289 3833 buta,
314 3747 537 3838 excipientes,
564 3771 604 3817 ac
628 3748 728 3818 domo
757 3749 958 3840 praxatoria
985 3748 1151 3818 instructi.
1182 3748 1346 3840 Sigillum
1374 3747 1573 3819 Conventus
1589 3772 1689 3842 prae-

187 3869 302 3932 sentat
326 3865 360 3932 S.
387 3864 574 3935 Patronum
610 3865 760 3935 eiusdem
784 3866 847 3935 sub
872 3865 924 3934 his
946 3865 1082 3935 verbis:
1108 3865 1212 3955 Siqr'l.
1240 3865 1380 3937 Geor-ct.
1412 3864 1518 3937 Cone.
1543 3864 1587 3936 Β.
1613 3866 1689 3936 Ste-

187 3979 302 4071 phani
324 3978 372 4049 JJ.
398 3978 583 4050 111εο011

900 4215 977 4303 §a

479 4445 702 4533 Conventus
729 4446 993 4534 Caldariensis
1021 4446 1069 4532 ad
1099 4446 1137 4533 S.
1168 4446 1384 4533 Claudiam.

281 4699 353 4769 ino.
379 4698 600 4783 Caldarium,
624 4699 728 4789 vulgo
752 4698 928 4783 [salter-e,
963 4698 1123 4791 oppidum
1159 4699 1187 4769 si
1223 4719 1289 4769 non
1326 4696 1489 4783 formale,
1517 4706 1613 4768 certe
1644 4698 1685 4768 ob

189 4839 285 4885 snam
309 4815 545 4885 extensionem
568 4823 604 4884 et
627 4814 715 4884 alias
749 4815 863 4900 detes,
899 4814 1141 4905 aequivalenS,
1177 4820 1281 4906 caput
1311 4810 1533 4904 Dynastiae²
1558 4812 1682 4881 Calda·

188 4934 325 5021 riensis,
351 4933 382 5001 in
408 4932 546 5019 regione
571 4931 754 5017 Athesina,
780 4930 969 5000 Comitatus
992 4929 1175 5020 Tyroleos,
1200 4930 1263 5001 sub
1285 4927 1412 4999 ditione
1428 4927 1619 4997 Austriaca
1644 4950 1686 4997 ac

191 5113 455 5124 ——-—--

297 5210 304 5243 ¹
325 5208 397 5261 Cant
417 5208 479 5261 Orb.
499 5208 607 5273 seraph.
627 5220 687 5258 mox
706 5209 746 5259 cit.
766 5206 860 5259 Cluen.
880 5207 920 5259 eit.
942 5220 967 5271 p.
991 5203 1105 5255 113010.
1126 5203 1242 5254 itionum.
1262 5203 1346 5255 citata.

297 5306 307 5341 ²
327 5307 352 5358 ln
372 5321 449 5360 sensu
467 5306 649 5372 'tyrolensium
670 5303 784 5360 Gericltt.
