3766 6090
188 360 237 433 98
838 379 1041 430 cnaomoon

188 503 245 575 hic
268 503 377 575 etiam
401 502 688 594 pharmacopaea.
713 503 851 573 Moram
869 502 904 572 in
920 526 960 573 eo
981 501 1113 593 dogunt
1135 500 1181 573 50
1196 500 1336 572 circitor
1350 500 1515 587 FratrcS,
1535 523 1585 571 ex
1602 520 1705 571 saera

187 618 411 712 eleemosyna
434 619 562 712 partim
587 626 706 711 sponte
730 619 865 707 oblata,
890 620 1016 711 partim
1043 618 1221 688 humiliter
1246 616 1481 704 emendicata,
1507 616 1646 709 partim
1673 616 1708 685 iu

190 758 293 805 sacra
315 736 390 805 Ara
413 736 570 821 obtenta,
596 736 681 806 bene
703 737 897 807 sustentati.
915 736 1076 828 Sigillum
1095 735 1291 808 Conventus
1307 735 1398 807 sistit
1415 735 1449 806 S.
1468 734 1706 805 Franciscum

193 849 226 919 S.
254 851 429 942 Stigmata
453 851 689 944 recipientem,
724 850 778 921 his
811 853 844 920 in
880 851 1158 921 circumferentia
1183 851 1339 922 exaratis
1362 851 1493 921 literis:
1526 850 1705 939 Sabellam

194 967 335 1036 (lamet.
366 966 451 1036 Ord.
475 966 565 1037 Mirr.
592 967 753 1058 Reform.
784 968 887 1038 Coae.
913 967 1142 1037 Barlsaamasr's
1156 970 1177 1037 ².

904 1199 981 1288 ,aa

445 1428 669 1516 Conventus
697 1429 1054 1539 Sigmariuganus,
1084 1453 1155 1516 seu
1168 1428 1445 1538 'Hedinganus

643 1561 693 1647 ad
723 1562 761 1648 S.
790 1563 977 1649 Ioannem
1005 1561 1234 1671 Baptistam.

282 1776 337 1847 82.
363 1776 608 1870 Sigmaringa,
633 1776 739 1868 vulgo
775 1777 1046 1869 sipinaiatrpar,
1071 1776 1193 1847 civitas
1216 1775 1334 1846 circuli
1360 1766 1703 1871 Suevici'Principa·

190 1898 247 1961 tus
273 1892 583 1980 Hohenzollerani‚
620 1892 793 1964 Dioecesis
828 1889 1112 1979 ConstantieusiS,
1137 1915 1178 1962 ae
1202 1892 1350 1984 Capituli
1375 1890 1523 1963 Ruralis
1546 1892 1700 1962 Mdskir-

84 2026 88 2035 ·
189 2007 349 2100 chensiS,
374 2009 464 2080 inter
487 2009 683 2095 civitatem,
708 2008 813 2100 vulgo
846 2008 974 2077 Sclrcrr
1008 2009 1154 2093 dictam,
1190 2016 1226 2079 et
1261 2009 1448 2079 Canoniam
1484 2008 1697 2079 Beitrensem

189 2125 273 2197 Ord.
301 2125 336 2196 S.
362 2127 512 2217 August.
537 2124 695 2195 Danubio
720 2124 859 2195 assidet.
884 2124 1099 2217 Principatus
1122 2123 1454 2211 HohenzolleranuS,
1479 2123 1571 2194 inter
1592 2123 1697 2195 Nica-

190 2265 265 2314 rum
292 2252 327 2315 et
354 2244 551 2315 Danubium
577 2242 756 2334 potissima
791 2264 836 2312 ex
864 2250 963 2336 parte
987 2242 1088 2329 situs,
1112 2240 1348 2334 principaliter
1372 2240 1517 2310 induas
1547 2241 1695 2333 stirpes,

190 2383 311 2454 nempe
359 2358 964 2451 llecliinganollohenmlleranam,
1001 2366 1036 2428 et
1072 2356 1695 2450 SigmaringanoHoheuzolleranam

189 2477 394 2548 diffinditur.
419 2477 478 2546 lsti
504 2475 664 2546 civitates
680 2475 919 2567 Sigmaringa,
938 2472 1216 2565 llaigerlocha2,
1234 2472 1430 2566 partialiter
1456 2472 1640 2564 Veringa⁸
1662 2479 1696 2541 et

187 2594 292 2688 plura
317 2593 388 2664 alia
412 2592 512 2679 loca,
537 2591 586 2661 illi
611 2614 694 2662 uero
717 2590 902 2682 Hechinga
936 2590 1059 2659 civitas
1088 2597 1123 2660 et
1147 2589 1218 2658 alia
1241 2588 1317 2660 loca
1340 2589 1375 2658 in
1400 2587 1474 2659 foro
1508 2587 1694 2681 temporali

189 2715 326 2803 parent.
354 2710 390 2778 ln
416 2730 479 2779 non
505 2708 666 2797 exiguam
692 2707 887 2799 Principum
913 2705 1287 2776 Hohenaolleranorum
1313 2703 1451 2775 laudem
1475 2703 1585 2789 cedit,
1603 2701 1693 2795 quod

190 2825 272 2895 forti
298 2824 412 2895 animo
437 2823 691 2893 Lutlrcranismi
715 2822 889 2893 erroribus
920 2821 1128 2908 restiterint,
1153 2820 1305 2909 subditos
1329 2821 1362 2889 in
1385 2819 1483 2891 avita
1506 2818 1693 2910 Religione

191 2963 393 3011 conservare
416 2939 627 3023 studuerint,
653 2945 688 3008 et
712 2937 945 3008 llaereditarii
974 2937 1166 3007 samaraei
1192 2937 1227 3007 S.
1244 2936 1288 3007 R.
1313 2938 1337 3007 l.
1354 2937 1523 3009 colantur.
1548 2935 1688 3027 Sigma-

188 3058 309 3149 ringa,
336 3056 421 3127 felix
446 3056 562 3147 patria
588 3055 621 3125 S.
645 3055 775 3125 Fidelis
798 3055 865 3140 M,
902 3055 983 3124 Ord.
1019 3054 1104 3124 Min.
1140 3054 1427 3146 Capucciuorum,
1463 3053 1497 3122 in
1531 3051 1691 3123 Rhaetia

193 3174 363 3265 martyrio
387 3172 523 3260 affecti,
549 3179 584 3242 et
606 3195 628 3241 a
651 3171 836 3243 l'tenetlicto
859 3171 953 3242 XlV.
980 3171 1183 3243 Sanctorum
1209 3171 1385 3264 apotheosi
1409 3171 1516 3257 illati,
1540 3172 1617 3242 eius
1636 3195 1694 3243 cu-

189 3312 251 3359 nas
276 3289 448 3378 ostendit3
473 3311 552 3359 aree
576 3288 745 3380 Principis
779 3287 954 3372 clarescit,
979 3311 1020 3358 ac
1044 3287 1136 3357 intra
1159 3288 1293 3359 moenia
1316 3286 1508 3359 Ecclesiam
1534 3286 1569 3357 S.
1595 3289 1693 3359 loan-

189 3406 241 3473 nis
264 3404 400 3495 Evang.
424 3403 684 3490 Paroclrialem,
709 3427 750 3473 ac
775 3402 950 3473 Sacellum
975 3403 1009 3472 S.
1035 3402 1225 3490 Meinradi,
1243 3402 1411 3485 aulicum,
1428 3410 1531 3472 extra
1548 3425 1591 3472 ea
1609 3426 1693 3474 vero

189 3519 362 3590 Sacellum
381 3520 529 3606 Christi,
546 3520 590 3590 ad
608 3542 767 3589 carceres
792 3519 1050 3610 requiescentis,
1069 3519 1102 3588 in
1119 3521 1338 3606 coemeterio,
1356 3519 1532 3589 Sacellum
1551 3518 1587 3588 S.
1604 3520 1692 3589 Cru-

187 3637 251 3723 cis,
277 3636 456 3729 Capellam
483 3637 516 3705 S.
543 3634 754 3718 Sebastiani,
781 3657 820 3704 ac
845 3634 949 3704 aliarn
978 3635 1013 3704 S.
1038 3635 1172 3728 loseplri
1197 3658 1273 3706 cum
1295 3635 1335 3705 B.
1352 3635 1395 3704 V.
1412 3635 1531 3705 Maria
1547 3634 1692 3727 despon-

188 3753 273 3839 sati,
300 3774 340 3820 ac
365 3751 557 3821 Ecclesiam
584 3753 617 3821 S.
645 3751 778 3822 loannis
801 3752 901 3842 Bapt.
927 3751 1234 3823 Franciscanorum
1253 3775 1274 3820 a
1291 3751 1451 3821 tidelibus
1473 3751 1689 3843 frequentari

187 3869 325 3960 gaudet.
351 3867 555 3939 Coeuobium
581 3868 741 3952 istorum,
768 3868 1010 3958 lledinpauum
1037 3868 1132 3936 haud
1158 3891 1236 3939 raro
1260 3875 1438 3950 vocatum,
1462 3867 1612 3959 parvulo
1628 3867 1690 3940 ho-

188 4009 249 4056 rae
274 3986 467 4076 quadrante
492 4009 513 4055 a
537 3984 678 4054 civitate
703 3984 878 4069 auulsum,
916 4007 1043 4076 paucas
1066 3984 1185 4055 donios
1209 3985 1242 4054 in
1267 4006 1331 4054 sua
1353 3983 1479 4054 vicinia
1503 3984 1690 4077 conspicit,

185 4108 220 4170 et
244 4102 338 4192 ripae
362 4100 506 4170 australi
543 4099 691 4169 Danubii
724 4100 917 4189 accumbit3
953 4100 1041 4168 unde
1077 4100 1184 4170 Pater
1220 4099 1461 4191 Sigismundus
1496 4098 1635 4177 Cavalb‘
1668 4123 1690 4170 a

187 4217 320 4301 Crineo,
346 4216 570 4287 Continuator
598 4216 702 4286 Orbis
727 4216 894 4308 Sarepta,
929 4216 1125 4307 lledingam
1162 4215 1338 4286 civitatem
1367 4237 1584 4306 nuncupanS,
1611 4238 1690 4286 cae·

186 4333 342 4425 spitarit,
369 4340 403 4400 et
427 4332 516 4401 iuter
540 4331 757 4422 llecbingam
783 4340 817 4400 et
841 4331 1040 4421 lledingam
1066 4353 1130 4402 non
1154 4331 1240 4400 bone
1264 4330 1426 4402 distinxit
1439 4334 1461 4401 ⁴.

275 4450 329 4520 83.
354 4450 559 4541 lledingano
582 4449 654 4521 solo
677 4449 758 4519 olim
783 4449 905 4519 insedit
927 4449 1155 4519 Parthenium
1172 4449 1475 4520 Dominicanarum
1491 4450 1520 4535 ⁵,
1537 4447 1603 4519 sub
1618 4448 1689 4519 Re·

293 4715 299 4748 ¹
323 4714 405 4767 llucb.
426 4716 450 4766 in
470 4713 565 4766 Clrron.
585 4714 633 4765 col.
652 4713 703 4764 670
722 4718 747 4765 ct
767 4713 826 4766 977.
856 4712 929 4766 Cant.
958 4712 1020 4766 Orb.
1049 4715 1157 4780 Seraplr.
1182 4718 1198 4765 t.
1229 4713 1253 4765 5.
1283 4714 1333 4766 339
1353 4719 1452 4781 etseq.
1471 4712 1569 4766 ernon.
1588 4716 1632 4769 cit
1662 4732 1688 4781 p.

190 4811 235 4864 rat
258 4821 305 4865 etc.
326 4813 438 4865 llonum.
458 4815 541 4865 citata.

290 4911 414 4962 2sedcm
435 4914 500 4963 inter
519 4912 670 4977 Palilinganr
690 4917 714 4963 et
734 4910 849 4964 llorbam
868 4912 901 4963 ad
920 4924 1024 4963 amnem
1044 4912 1129 4977 uyacn
1149 4910 1234 4963 babet.

290 5007 302 5042 ³
323 5010 383 5061 Pars
402 5010 474 5060 istius
493 5010 615 5074 ciritatis,
636 5008 669 5060 ad
689 5010 799 5060 flurium
819 5008 947 5060 Lauclrart
965 5010 1040 5073 sitae,
1061 5010 1209 5061 austriacae
1228 5008 1331 5061 ditionis
1350 5014 1396 5060 est.

293 5104 303 5140 ⁴
322 5107 381 5157 Lex.
402 5107 496 5158 ursoni
517 5107 592 5158 basil.
613 5120 643 5158 uc
662 5105 785 5159 llirbneri.
814 5105 885 5159 Cant
907 5105 968 5159 Orb.
988 5108 1097 5171 serapti.
1116 5115 1133 5159 t.
1153 5106 1177 5158 5.
1198 5121 1224 5172 p.
1245 5106 1278 5157 oa·
1298 5113 1346 5159 otc.
1365 5106 1475 5158 Clrurtae
1494 5107 1584 5159 circuli
1604 5107 1686 5162 Suer.

187 5204 300 5255 llonum.
322 5205 398 5255 l’ror.
418 5204 479 5256 Bar.
499 5220 529 5255 ac
547 5203 629 5257 Conr.
649 5205 806 5269 Sigrnaring.
826 5205 986 5256 Franciscau.
1005 5210 1030 5256 et
1049 5204 1098 5255 ulii.

292 5299 303 5333 ⁵
323 5301 497 5368 Relationem,
517 5301 606 5354 (inlini
627 5303 652 5354 S.
672 5304 739 5367 :tua
759 5303 881 5354 lloniates
900 5304 974 5354 istius
993 5301 1170 5368 addicentem,
1192 5316 1243 5353 non
1264 5303 1420 5369 amplector;
1440 5315 1503 5353 sanc
1523 5315 1575 5354 nou
1595 5301 1690 5367 gnber-
