3750 6082
464 396 630 446 rnomuc.
654 395 785 446 rrnon.
809 397 863 447 rr.
887 396 1012 446 arnon.
1036 396 1167 446 nuroa.
1515 377 1562 449 35

53 541 204 590 movere
235 525 271 588 et
304 517 473 588 inducere
505 519 704 611 cupientes,
739 517 882 588 decreta
916 519 1040 610 aliqua
1074 519 1124 588 ad
1156 518 1248 589 lianc
1282 518 1464 591 salutaria
1489 542 1561 613 pro

55 634 136 726 fine
156 633 379 728 reliquimus.
401 633 548 704 Eaiiule
565 635 662 704 acam
678 635 853 705 Nostram
881 634 1097 705 Tridentum
1120 658 1242 705 versia
1265 635 1482 723 diremimus,
1500 638 1568 706 ubi

60 751 102 819 in
128 749 262 820 Nostra
286 749 503 820 Martialium
525 749 746 821 Monasterio
761 750 805 819 de
825 750 1028 820 Bm'ecinoue
1040 755 1062 836 ¹,
1083 750 1264 822 Conventa
1279 751 1438 822 Nostrae
1454 754 1563 824 Sera-

51 864 186 957 plicae
208 864 404 955 Reliqiouis
426 865 696 959 antiquissimo,
712 866 946 952 divertimus,
963 866 1252 958 advertimusque
1267 869 1419 938 eumlcm
1437 869 1475 937 in
1491 892 1563 938 cm·

58 980 164 1050 nilus
181 980 332 1072 pietatis
354 981 482 1071 officiis
512 1004 555 1050 ac
576 981 766 1073 spirituali
784 990 963 1074 praetentu
982 1005 1162 1076 perquam
1192 982 1360 1052 calamam
1390 991 1426 1053 et
1458 985 1563 1053 aesti-

59 1096 257 1182 mandum,
280 1097 506 1198 ciusdernqw
530 1097 663 1168 incolas
684 1078 890 1169 aernsstmcs
911 1099 947 1168 S.
967 1097 1008 1168 P.
1026 1099 1073 1169 N.
1091 1097 1283 1168 Franctsci
1303 1123 1345 1190 aa
1369 1100 1404 1169 S.
1429 1099 1564 1169 Matris

65 1212 198 1284 Clarae
219 1213 371 1306 uestiqia
392 1222 565 1284 sectantes
580 1216 603 1283 ².

66 1316 72 1327 ⁹
149 1328 205 1401 30.
231 1328 419 1400 Praesatus
441 1328 601 1401 Minister
636 1329 838 1418 Generalis,
862 1330 1051 1422 Oeuipoute
1075 1330 1222 1423 degens,
1247 1330 1391 1417 institit,
1416 1339 1454 1402 ut
1478 1331 1564 1403 Pro-

56 1445 175 1518 vincia
210 1445 433 1518 conformiter
467 1446 512 1516 ad
546 1446 761 1518 voluntatem
797 1447 980 1518 iunocentii
1016 1447 1078 1517 Xi.
1110 1447 1280 1538 quasdam
1312 1446 1433 1517 domus
1457 1447 1563 1518 recol·

59 1560 217 1634 lectionis
247 1584 308 1633 seu
343 1584 498 1633 recessus
521 1562 727 1655 spiritualis,
752 1563 785 1631 in
808 1563 932 1654 quibus
954 1562 1018 1634 soii
1044 1563 1140 1632 vitae
1163 1562 1455 1655 contemplativae
1478 1562 1564 1633 Fra·

60 1692 139 1746 tres
173 1686 359 1766 vacarent,
395 1678 557 1769 erigeret.
593 1678 740 1750 Iustinus
767 1679 1000 1771 Haltpruner,
1038 1679 1197 1749 Minister
1237 1678 1480 1768 ProvinciaiiS,
1519 1702 1563 1750 ex

60 1801 179 1862 mente
203 1792 423 1864 Venerabilis
446 1792 642 1865 Definitorii
667 1794 834 1887 reposuit,
859 1802 968 1865 totam
993 1793 1213 1866 Provinciam
1240 1795 1273 1864 in
1297 1795 1453 1866 omuibus
1477 1794 1563 1865 Con·

60 1908 222 1979 ventibus
246 1910 474 1981 reformatam
510 1909 621 1981 vitam
656 1910 800 1998 ducere,
824 1919 860 1980 et
895 1909 985 1980 tales
1019 1910 1139 1981 domos
1171 1909 1215 1981 ob
1244 1911 1394 2003 copiosos
1424 1909 1562 1980 labores

59 2023 95 2093 iu
120 2025 223 2095 vinea
247 2023 342 2095 haud
365 2025 467 2118 seligi
499 2048 612 2120 posse,
648 2026 796 2114 addens,
833 2027 989 2120 proximo
1024 2048 1114 2098 anuo
1137 2027 1172 2095 in
1207 2026 1428 2097 Provinciam
1463 2026 1563 2097 Com-

62 2139 262 2211 missarium
287 2140 512 2212 visitatorem
537 2149 740 2233 venturum,
764 2143 818 2212 cui
842 2142 937 2234 proin
954 2141 1104 2233 rigidum
1129 2141 1332 2211 mandatum
1355 2141 1481 2235 impoui
1505 2165 1563 2234 po-

58 2264 145 2342 test,
171 2266 210 2327 ut
232 2256 425 2328 circumeat
457 2265 568 2330 totam
603 2258 820 2330 Provinciam
845 2267 881 2330 et
902 2258 1002 2352 vigili
1025 2260 1098 2331 acie
1121 2260 1293 2352 inquirat,
1326 2282 1371 2331 an
1395 2260 1450 2330 vel
1475 2282 1562 2331 unus

58 2371 94 2440 iu
119 2393 162 2442 ea
186 2380 342 2443 moretur
366 2373 562 2445 Conventus
586 2373 632 2446 ad
660 2374 765 2445 istum
789 2396 960 2445 recessum
986 2385 1095 2468 aptus.
1113 2375 1271 2447 Minister
1287 2375 1469 2445 Generalis
1490 2374 1563 2444 exi·

57 2488 208 2558 stimans
231 2488 420 2559 rationibus
454 2488 509 2559 his
543 2498 692 2560 mentem
729 2491 864 2560 Summi
898 2490 1074 2562 Pontifieis
1108 2491 1229 2564 satiari
1263 2513 1361 2583 posse
1384 2489 1498 2576 iussit,
1524 2499 1563 2559 nt

59 2604 194 2675 motiva
217 2602 396 2696 allegatae
420 2605 704 2697 impossibilitatis
735 2606 879 2677 chartae
910 2606 1178 2694 mandarentur,
1201 2615 1237 2678 et
1265 2606 1379 2697 sigilio
1408 2629 1450 2676 ac
1484 2606 1562 2675 sub-

56 2719 242 2811 scriptione
266 2719 309 2790 V.
333 2720 534 2791 Definitorii
558 2723 781 2792 munirentur.
806 2723 880 2793 Hoc
903 2723 1056 2814 sequenti
1081 2722 1249 2794 modoad
1275 2723 1436 2793 effectum
1457 2720 1563 2792 dedu-

56 2843 154 2905 ctum
178 2837 269 2906 est'.

150 2949 457 3020 Reverendzssime
492 2951 606 3022 Pater
639 2951 808 3021 Minister
833 2951 1019 3023 Generalis
1050 2977 1092 3023 aa
1116 2953 1293 3044 Superior
1317 2953 1416 3043 lonqe
1443 2950 1562 3022 Obser-

57 3065 280 3154 aandtssime
301 3074 363 3138 etc.
388 3067 452 3137 Era
474 3067 544 3140 zelo
567 3069 721 3160 inqenti,
745 3093 812 3163 quo
835 3070 942 3140 ardet
963 3069 1040 3140 Sua
1057 3069 1367 3140 Reuerendissrina
1391 3068 1562 3138 Paterni·

59 3188 116 3250 tas
138 3204 227 3273 erqa
251 3182 541 3276 tranquilliorem
572 3185 754 3278 marsisque
776 3184 1088 3278 contemplativam
1111 3185 1259 3255 ct'reutli
1278 3185 1316 3254 in
1344 3183 1481 3255 Ordine
1503 3184 1563 3254 Se·

55 3295 210 3389 rapiico
243 3299 442 3384 rationem,
472 3307 629 3392 paterno
659 3322 813 3392 prorsus
848 3301 988 3386 anima,
1024 3301 1110 3370 clam
1144 3301 1355 3371 ceruanicam
1397 3299 1588 3371 Caesarei·

61 3410 306 3505 Oenipoutaui
330 3410 527 3486 Conventus
549 3417 668 3486 nostri
689 3418 724 3487 S.
756 3414 881 3487 Crucis
897 3417 1139 3487 aia‘tatieuem
1162 3415 1404 3501 circinabis
1420 3415 1563 3489 intima·

57 3527 134 3613 ait,
157 3526 254 3622 quod
273 3528 318 3598 de
339 3538 456 3601 mente
477 3531 705 3602 Sanctissimi
727 3532 769 3602 D.
795 3531 842 3602 N.
868 3531 1072 3602 innocentii
1103 3530 1173 3602 XI.
1210 3541 1272 3602 etc.
1308 3540 1345 3601 et
1378 3530 1558 3601 desiderio

57 3642 353 3714 Eminenttssimi
378 3645 582 3717 Cardinalis
615 3647 796 3719 Alderani
835 3647 940 3740 Cyba,
964 3648 1185 3718 Protectoris
1207 3648 1325 3717 nostri
1347 3647 1561 3732 zelost'ssimi,

57 3759 337 3830 recollectionem
360 3760 398 3831 in
416 3762 585 3853 pluribus
608 3762 812 3833 Provinciis
839 3763 1068 3834 Germanicis
1092 3765 1167 3833 iam
1190 3771 1427 3856 acceptatam,
1451 3762 1562 3832 etiam

58 3875 101 3943 iu
122 3885 283 3947 nostram
318 3877 553 3949 Provinciam
593 3877 825 3973 Tqralensem
856 3880 900 3950 D.
933 3878 1107 3972 Leopoldi
1127 3879 1382 3971 Reformatam
1412 3878 1498 3948 celit
1527 3887 1565 3947 et

57 3990 186 4082 cupiat
207 3992 436 4064 introducere
457 4002 495 4065 et
513 3994 680 4065 solidare.
715 3994 943 4086 Profitemur
976 4019 1038 4066 nos
1067 3993 1284 4065 humillimos
1314 4003 1349 4064 et
1378 3993 1562 4087 obsequen-

60 4105 214 4178 tissimes
235 4108 270 4178 S.
296 4108 340 4181 R.
365 4109 409 4181 a
432 4117 469 4180 et
490 4109 819 4182 Rememtmimae
843 4110 885 4182 P.
919 4111 956 4182 V.
981 4113 1088 4182 inacta
1104 4111 1276 4181 solemnia
1296 4110 1445 4182 Ordinis
1467 4117 1561 4195 aeta,

58 4245 104 4291 ac
119 4221 295 4311 &qulam
314 4233 477 4297 nostram
498 4226 656 4298 subditos
687 4251 729 4298 ac
751 4227 847 4317 filies
860 4252 876 4313 ;
897 4228 961 4298 sed
981 4227 1087 4298 liceat
1106 4227 1205 4297 nabis
1222 4226 1467 4314 (centensima
1477 4248 1562 4317 pre·

57 4342 206 4427 camur)
240 4338 343 4410 brevi
373 4365 415 4412 ac
449 4342 611 4413 ueridica
643 4342 817 4414 relatione
852 4351 1068 4434 arqumenta
1102 4350 1140 4413 et
1170 4343 1326 4413 rationes
1361 4363 1560 4434 apponere,

56 4476 152 4545 quac
166 4455 389 4547 operiltuic,
405 4455 494 4529 alias
512 4458 722 4550 plurimum
745 4458 866 4529 deuota
890 4483 932 4529 ac
947 4467 1087 4543 sancto,
1097 4458 1307 4550 perarduus
1330 4456 1559 4546 difficultates

58 4569 131 4639 ime
155 4568 478 4661 impossibilitatem
511 4574 744 4665 manifestam
776 4575 907 4645 indicta
942 4583 1061 4644 nestra
1083 4580 1270 4667 opponunt
1299 4573 1560 4664 inperantque:

56 4692 96 4754 et
109 4685 237 4776 primo
259 4686 402 4778 qualem
425 4688 588 4759 omnibus
610 4697 734 4760 notum
757 4697 819 4774 cst,
844 4689 999 4759 Fratres
1021 4688 1112 4758 Min.
1139 4687 1254 4758 tribus
1276 4686 1331 4758 ali
1352 4686 1487 4770 modis,
1510 4686 1562 4755 ai-

57 4798 186 4869 delicet
207 4822 256 4870 ea
277 4799 476 4873 liberaliter
498 4804 643 4891 oblatis,
677 4829 725 4875 cac
754 4805 941 4875 lumiliter
975 4804 1185 4875 mendicatis
1207 4812 1242 4874 et
1266 4803 1410 4873 taudem
1433 4825 1481 4872 ca
1502 4801 1560 4870 lta-

167 5109 177 5145 ¹
196 5110 326 5165 iudicetur
345 5111 529 5164 Monnsteuum
547 5112 705 5166 Brixinense.

166 5209 179 5245 ¹
198 5210 310 5264 Manum.
330 5213 414 5264 citata
433 5211 508 5263 ilerz.
526 5218 600 5277 perte
619 5213 644 5265 2.
663 5226 689 5278 p.
710 5210 755 5264 iii
779 5217 878 5279 etseq.
897 5218 924 5264 et
941 5211 992 5264 aiii.

166 5304 271 5362 ⁸(tout
289 5307 346 5362 orb.
366 5309 476 5375 Seram
496 5315 513 5362 t.
533 5307 558 5361 5.
577 5323 604 5375 p.
624 5309 676 5361 sie
694 5314 743 5362 etc.
762 5309 877 5362 Menum.
896 5309 973 5361 Prov.
993 5307 1081 5374 TyroI.
1101 5306 1263 5360 Franciscen.
