3750 6082
164 84 172 117 r

164 122 178 171 l
293 169 298 179 .

164 174 169 247 l

164 250 170 317 l

164 322 170 435 l

585 419 751 471 raovrue.
774 393 905 472 araon.
928 421 983 472 vv.
1008 422 1137 473 nmen.
1160 423 1294 474 aaron.
1629 401 1698 477 155

228 538 321 613 laertio
338 542 374 612 S.
391 540 522 629 Crucis,
539 540 735 634 collegiata
761 543 802 613 Β.
816 543 858 614 V.
883 544 932 614 M.
958 544 996 614 iu
1012 544 1163 629 ambitu,
1180 545 1305 616 Aulica
1320 546 1359 616 B.
1384 546 1427 615 V.
1452 546 1503 616 M.
1531 546 1699 618 lmmacu·

227 654 309 745 lutae,
329 656 368 727 B.
393 656 436 727 V.
460 657 510 728 M.
536 657 779 729 Auxiliatricis
801 657 835 728 in
860 658 1033 751 Zinggen,
1058 661 1093 732 S.
1118 660 1252 732 loannis
1276 662 1377 752 Bapt.
1403 661 1442 729 in
1458 660 1610 747 ambitu,
1635 662 1698 734 SS.

164 782 170 825 t
227 768 311 864 llpisc.
331 770 485 842 llrhardi
508 782 545 843 et
566 772 786 859 Godehardi,
812 773 1029 846 Parochialis
1054 775 1088 845 S.
1116 775 1319 861 Michaelis,
1346 776 1381 846 S.
1407 775 1558 868 Spiritus
1573 776 1609 845 in
1627 777 1698 847 Ho-

227 884 330 977 uati,
354 886 390 959 S.
413 888 595 959 Barbarae
617 889 651 959 in
674 890 908 979 Coemeterio,
934 890 969 961 8.
1006 891 1130 981 Angel.
1166 891 1303 961 Custod.
1328 891 1362 961 in
1387 891 1530 962 Stusela
1554 891 1698 963 Filiales

226 1002 344 1090 rurales,
360 1011 501 1097 praeter
516 1004 686 1076 Curatam
704 1004 739 1076 S.
756 1004 899 1098 Georgii
917 1005 967 1076 M.
985 1007 1020 1075 in
1037 1006 1170 1091 Vahrn,
1188 1016 1431 1078 numerantur:
1450 1008 1484 1078 8.
1502 1007 1614 1078 lacobi
1632 1009 1698 1099 Ap.

224 1112 249 1184 iu
266 1117 377 1207 Mahr,
402 1120 438 1191 8.
462 1120 554 1191 loan.
579 1121 682 1212 Bapt.
707 1120 741 1189 in
767 1120 976 1205 Tachotsch,
1014 1122 1049 1191 S.
1086 1121 1220 1193 Nicolai
1246 1122 1308 1216 Ep.
1345 1123 1377 1191 in
1412 1121 1629 1215 Tetschling.
1664 1123 1698 1193 S.
1758 1162 1762 1171 ·

221 1226 294 1307 leun.
313 1234 374 1306 Ev.
397 1235 543 1322 ibidem,
568 1236 604 1308 S.
627 1235 784 1307 Udalrici
808 1235 872 1329 Ep.
896 1236 929 1306 in
954 1237 1137 1329 Pinnagen.
1162 1236 1327 1330 Capellae
1351 1247 1571 1310 consecratae
1595 1248 1699 1308 sunt:

218 1344 266 1421 SS.
289 1352 389 1423 trium
412 1352 571 1444 Regum,
597 1351 631 1423 8.
656 1351 841 1445 Onuphrii,
879 1354 914 1424 S.
937 1355 1135 1441 Barbarae,
1162 1354 1195 1423 in
1218 1354 1376 1425 domibus
1400 1354 1579 1426 Canonicis
1602 1351 1699 1446 plan-

215 1466 313 1555 ltlae,
333 1476 370 1539 et
391 1468 464 1539 alia
480 1468 587 1539 trium
603 1466 743 1559 Regum
766 1477 869 1540 extra
890 1469 1080 1540 civitatem.
1106 1469 1252 1541 Silentio
1276 1491 1433 1562 premens
1449 1467 1611 1561 Capellas
1633 1490 1699 1539 non

208 1595 429 1672 wnsecratas,
453 1606 561 1678 pergo
582 1583 630 1655 ad
653 1584 828 1657 Fcclesias
862 1596 976 1657 status
1000 1586 1185 1679 Religiosi,
1219 1587 1308 1657 inter
1331 1609 1418 1678 quas
1440 1586 1602 1657 obviant:
1636 1585 1700 1655 Ec·

204 1689 309 1771 etesia
329 1700 364 1772 S.
387 1699 601 1773 Catharinae
625 1702 668 1772 V.
686 1714 727 1773 et
750 1701 800 1773 M.
825 1702 962 1795 Capua,
988 1703 1024 1774 S.
1061 1702 1285 1794 Elisabethae
1319 1702 1569 1787 Clarissarum,
1601 1711 1637 1773 et
1659 1702 1700 1772 Β.

204 1800 233 1877 V·
267 1814 318 1887 M.
338 1816 384 1888 ad
407 1816 516 1887 Nives
544 1815 648 1888 modo
671 1817 786 1889 dictae
810 1816 1040 1888 Clarissarum
1076 1817 1253 1890 Ecclesiae
1288 1817 1494 1890 adhaerens.
1528 1816 1699 1889 Florescit

196 1940 333 2025 tuoque
357 1933 414 2004 hic
436 1932 637 2004 Institutum
661 1932 702 2003 B.
727 1933 769 2003 V.
787 1933 834 2004 M.
854 1933 1102 2025 Anglicanum,
1126 1942 1162 2005 et
1184 1934 1417 2026 Congregatio
1440 1936 1604 2006 Sororum
1627 1940 1697 2003 ter·

192 2034 221 2106 Vl
260 2048 345 2119 (ini.
370 2049 406 2120 S.
430 2047 622 2137 Francisci,
648 2056 730 2119 vota
763 2048 934 2143 simplicia
969 2050 1209 2120 emittentium.
1247 2049 1367 2120 Media
1404 2048 1490 2121 hora
1514 2070 1536 2119 a
1557 2048 1702 2120 civitate

185 2168 306 2246 aput
325 2163 430 2235 effert
453 2162 622 2257 inclytum
647 2162 839 2255 Collegium
863 2164 1104 2252 Neocellense,
1129 2165 1234 2256 vulgo
1258 2164 1428 2253 Neustift,
1454 2167 1493 2236 B.
1511 2165 1553 2236 V.
1579 2166 1627 2236 M.
1657 2164 1702 2235 ad

181 2260 354 2367 ⁰¹·atias,
372 2303 395 2351 a
411 2278 492 2351 RR.
510 2279 586 2351 DD.
610 2279 789 2351 Canonicis
811 2280 1045 2372 Regularibus
1070 2282 1104 2351 8.
1129 2282 1221 2371 Aug.
1245 2280 1488 2351 inhabitatum.
1505 2278 1634 2373 Regio,
1652 2280 1699 2350 ci-

179 2378 345 2467 vitatem
368 2395 540 2483 ambiens,
566 2394 796 2484 frumentum,
821 2396 936 2466 vinum
969 2406 1005 2467 et
1028 2397 1126 2467 varia
1150 2396 1221 2468 alia
1246 2397 1345 2488 large
1370 2396 1612 2468 subministrat
1626 2400 1645 2467 ¹.

296 2510 364 2584 136.
389 2510 542 2581 Veritati
577 2519 633 2581 sat
665 2518 929 2582 consentaneum
965 2520 1035 2599 est,
1072 2511 1162 2604 quod
1186 2511 1361 2601 ClarissiS,
1384 2504 1561 2583 'Brixinae
1586 2512 1702 2582 sedem

174 2606 403 2715 fiSentibus,
435 2628 528 2699 ocius
560 2648 648 2698 unus
678 2627 812 2699 alterve
835 2628 1002 2699 Minorita
1026 2628 1107 2722 ipsis
1130 2628 1272 2699 servitia
1295 2628 1492 2722 spiritualia
1528 2627 1702 2716 deferens,

174 2722 381 2815 adiunctus
404 2743 530 2833 fuerit3
554 2743 643 2814 enim
667 2765 751 2815 vero
773 2766 817 2814 ex
842 2765 909 2814 una
932 2752 1032 2836 parte
1056 2743 1098 2815 de
1121 2754 1260 2832 extero,
1285 2744 1331 2815 ad
1354 2743 1442 2815 talia
1462 2743 1627 2834 obsequia
1650 2765 1704 2813 as·

177 2858 332 2965 busto,
357 2859 490 2931 nullum
514 2859 641 2931 alicubi
664 2859 875 2953 deprehendi
898 2860 1102 2953 vestigium,
1126 2882 1170 2930 ex
1194 2859 1308 2931 altera
1324 2882 1407 2931 vero
1435 2859 1469 2929 in
1496 2858 1610 2951 prima
1626 2857 1705 2927 Cla·

181 2973 369 3048 n&aarum
394 2983 514 3047 aetate
536 2974 638 3046 iuxta
661 2975 877 3047 Monasteria
901 2998 1021 3047 earum
1046 2976 1148 3048 locati
1171 2976 1268 3046 fuere
1285 2976 1485 3063 Minoritae,
1511 2998 1576 3047 non
1592 2974 1703 3046 solum

188 3072 271 3163 Plls
286 3091 467 3164 Sororibus
490 3092 524 3162 in
546 3091 668 3186 spiritu
691 3092 896 3179 servientes,
920 3091 980 3163 sed
997 3094 1103 3163 etiam
1120 3115 1180 3185 pro
1196 3092 1268 3162 illis
1283 3115 1309 3162 s.
1326 3093 1582 3186 eleemosynam
1600 3113 1704 3183 quae·

198 3206 328 3278 renas.
352 3206 489 3277 Firmat
510 3206 545 3276 id
567 3206 728 3301 specialis
754 3206 870 3294 lavor,
888 3207 923 3277 in
940 3208 1095 3279 Archivo
1111 3207 1341 3279 Parthenonis
1357 3206 1551 3278 Brixinens.
1568 3228 1705 3300 expres·

207 3326 277 3409 Sus,
301 3344 323 3393 a
347 3321 464 3393 Nobili
488 3323 626 3414 Agnete
641 3320 685 3393 de
701 3323 890 3394 Garnstein
915 3322 1091 3410 ClarissiS,
1115 3334 1152 3393 et
1173 3324 1354 3394 Fratribus
1374 3322 1567 3394 Minoribus
1589 3322 1706 3392 Brixi-

217 3450 272 3509 uae
294 3437 542 3510 exsistentibus
565 3459 619 3509 an.
647 3437 735 3509 1245
757 3439 937 3532 impensus.
963 3439 1088 3510 Paucis
1111 3438 1259 3511 evolutis
1274 3439 1375 3509 annis
1390 3438 1610 3509 Brixinenses
1626 3438 1705 3508 Cla-

215 3552 310 3627 n‘oeae
346 3565 420 3626 tum
451 3577 514 3649 pro
537 3554 624 3626 bono
658 3554 811 3649 proprio,
847 3563 920 3626 tum
956 3554 1069 3626 alieno
1103 3556 1218 3647 plures
1252 3554 1463 3626 anhelarunt
1498 3555 1636 3642 Patres,
1669 3563 1706 3625 et

211 3668 508 3760 Menasteriolum,
533 3693 595 3743 sex
618 3671 791 3765 capiendis
814 3671 998 3741 Fratribus
1020 3694 1100 3764 par,
1125 3672 1258 3743 exstrui
1293 3679 1469 3743 curarunt.
1507 3671 1606 3741 Pium
1642 3671 1705 3742 hoc

205 3808 287 3879 opus
310 3786 528 3858 Innocentius
550 3787 609 3859 IV.
636 3787 705 3858 PP.
739 3786 974 3875 confirmavit,
1009 3797 1045 3858 et
1068 3788 1101 3857 in
1125 3787 1258 3857 nomine
1293 3787 1368 3858 eius
1398 3786 1616 3875 Rainaldus,
1641 3786 1704 3880 Ep.

203 3902 371 3977 Ostiensis
393 3911 430 3973 et
451 3902 685 3992 Velitriensis,
719 3902 907 3997 diplomate
956 3903 1070 3981 Qitam
1094 3907 1306 3997 frequenter
1337 3904 1501 3975 Perusiae
1525 3904 1616 3974 Vlll.
1655 3902 1704 3974 ld.

203 4018 308 4107 Iunii,
325 4018 369 4090 D.
386 4018 556 4113 praedicti
580 4019 698 4114 Papae
722 4042 777 4090 an.
802 4020 864 4090 lX.
888 4042 946 4090 seu
964 4043 1019 4091 an.
1040 4019 1148 4092 12522
1164 4019 1219 4089 die
1238 4019 1288 4091 16.
1306 4020 1407 4106 Iunii,
1425 4019 1585 4090 Ministro
1601 4018 1705 4090 Prov.

200 4134 371 4209 Austriae
394 4134 463 4205 FF.
488 4134 572 4206 Min.
596 4136 662 4227 (cui
680 4135 937 4207 'Monasterium
961 4135 1191 4207 Clarissarum
1217 4136 1409 4207 Brixinens
1441 4135 1648 4225 subiecerat)
1672 4134 1705 4204 in

200 4251 381 4325 mandatis
402 4250 516 4339 dedit,
533 4258 572 4324 ut
586 4251 731 4323 Fratres
754 4251 895 4344 linguae
919 4252 1128 4324 Teutonicae
1153 4273 1296 4343 guaiae,
1326 4253 1360 4321 in
1386 4251 1444 4323 illo
1468 4261 1583 4345 ponat.
1607 4251 1705 4321 Inno-

199 4368 309 4439 tescit
330 4388 375 4437 ex
399 4366 455 4438 his
478 4367 592 4439 verbis
615 4367 760 4439 Bullae:
795 4368 856 4437 Art
887 4367 971 4437 decc
1005 4367 1216 4451 statuimus,
1241 4376 1279 4437 ut
1303 4367 1472 4437 Mz'at'stcr
1496 4367 1670 4436 Atestrioc
1681 4372 1704 4451 ³,

199 4486 272 4581 qai
286 4506 360 4578 pro
385 4491 542 4576 tempere
563 4485 703 4575 fuerit,
729 4492 893 4555 tereretur
914 4507 1054 4578 seiitprr
1078 4490 1237 4554 restraint
1261 4484 1523 4555 Mon-asterium
1539 4482 1705 4566 visitare,

314 4739 321 4774 ¹
343 4739 457 4791 llonurn.
477 4738 553 4791 Prov.
573 4738 661 4804 Tyrol.
680 4743 706 4791 et
725 4738 811 4792 ltesld.
832 4738 898 4790 Brtu.
917 4739 1006 4790 Frnnr.
1026 4737 1114 4790 Libell.
1135 4738 1250 4790 Dioeces.
1271 4738 1338 4790 Brix.
1359 4753 1385 4803 p.
1404 4739 1410 4789 Ι
1429 4745 1477 4790 etc.
1492 4738 1520 4789 at
1538 4743 1563 4788 et
1577 4736 1618 4788 23.
1633 4736 1705 4788 hlotn·

201 4840 230 4890 tu
249 4836 348 4891 cumn.
368 4836 398 4889 ll.
419 4837 444 4888 S.
464 4837 599 4903 Tyroteos.
629 4836 737 4889 Brundis
764 4846 830 4902 port.
860 4838 883 4888 2.
913 4852 939 4902 p.
963 4834 1170 4889 taceremne
1191 4835 1253 4888 Orb.
1274 4836 1382 4901 seraph.
1403 4844 1419 4888 t.
1440 4832 1704 4900 b.p.35l.Cbron.

202 4941 283 4993 Prov.
303 4938 392 5003 Tyrot.
412 4937 574 4991 Franclsean.
592 4952 619 5004 p.
641 4937 691 4991 t75
709 4943 758 4990 etc.
777 4938 862 4990 liesch
882 4938 907 4988 in
927 4937 1017 4989 hnnat.
1038 4937 1132 4989 Eccles.
1153 4934 1302 4988 Sablones
1321 4935 1414 4987 Brixia.
1434 4939 1452 4985 t.
1476 4934 1496 4985 t.
1517 4946 1543 4998 p.
1562 4932 1623 4996 263,
1642 4937 1659 4983 t.
1680 4932 1704 4983 2.

203 5052 233 5104 p.
251 5034 287 5091 at
306 5050 338 5088 ac
356 5034 426 5088 alibi.
446 5036 623 5101 Burglechner
641 5036 666 5086 in
686 5035 776 5103 aquito
797 5035 885 5102 Tyrol.
905 5034 937 5086 li.
956 5035 982 5086 S.
1001 5034 1112 5086 Grnnelti
1132 5035 1157 5084 tn
1178 5033 1367 5099 topographia
1387 5032 1508 5082 German.
1528 5030 1613 5082 hustr.
1628 5036 1703 5081 auctu

203 5144 273 5202 pert.
296 5135 320 5186 t.
340 5147 367 5199 p.
386 5134 446 5185 228.
466 5133 526 5186 Lex.
544 5132 673 5185 Uchsenti.
692 5134 751 5186 Lex.
771 5134 846 5186 besil.
865 5131 975 5186 Chartae
995 5132 1082 5197 Tyrel.
1102 5132 1195 5185 etalii.

314 5232 325 5266 ²
345 5232 413 5297 Papa
433 5232 474 5283 tric
493 5232 562 5284 iuxta
582 5231 675 5284 Buttar.
694 5231 855 5284 Franctscan.
875 5245 915 5283 nn.
940 5229 1005 5282 tata
1024 5230 1067 5282 die
1086 5230 1127 5282 25.
1148 5230 1201 5282 tulii
1221 5229 1332 5293 electus,
1352 5234 1378 5279 et
1391 5226 1432 5279 die
1446 5227 1488 5279 28.
1502 5232 1643 5279 coronatus
1656 5230 1704 5277 est.

315 5327 328 5364 ⁸
345 5329 381 5381 Ex
399 5330 450 5382 boc
467 5329 550 5384 solide
568 5330 681 5397 cruitur,
702 5329 864 5383 Provinciam
883 5331 1001 5383 nustriae
1020 5334 1079 5383 ante
1097 5344 1138 5382 an.
1162 5328 1228 5381 taen
1246 5328 1353 5381 stetisse.
