3750 6082
444 132 610 184 snovmc.
634 130 764 182 rsaoa.
788 133 842 180 rs.
866 131 991 181 naon.
1015 129 1146 179 saron.
1498 108 1544 178 47

47 256 193 341 nuarii,
218 254 448 327 Monasteiiis
471 254 803 326 Franciscanorum
824 255 933 324 lini'us
956 255 1171 323 Austriacae
1194 252 1411 323 Provinciae
1435 254 1472 320 in
1489 275 1546 343 pe·

48 394 152 457 acre,
175 378 244 441 ant
261 370 406 442 cuilibet
430 372 467 440 in
490 372 604 464 specie
626 394 718 441 nona
745 394 917 454 concessa,
941 379 1047 439 aiicta
1071 377 1137 439 aut
1156 369 1377 460 confirmata
1395 367 1546 460 prioile-

45 488 118 578 pia,
137 488 296 579 pretias,
314 487 588 580 protectionem,
611 487 848 579 eleemosynas
870 485 956 555 salis
979 495 1014 554 et
1029 487 1120 556 alias
1143 485 1373 556 resolutiones
1395 484 1547 576 desuper

48 603 178 694 factas,
194 602 345 686 litteras,
361 603 506 672 decreta
520 609 555 671 et
569 602 766 695 diplomata
783 603 820 671 in
837 602 999 672 omnibus
1015 596 1193 686 articulis,
1203 603 1363 694 punctis,
1380 599 1547 670 clausulis

50 718 222 787 maeatis
237 725 274 786 et
285 716 444 788 sensibus
456 718 578 810 plane,
599 718 674 787 acsi
687 717 730 786 de
751 717 855 787 aerbo
872 717 922 786 'ad
934 717 1083 786 oerbum
1102 717 1197 786 lii'scc
1213 718 1349 786 inserta
1364 725 1491 800 essent,
1509 717 1547 783 in
1614 795 1616 798 ¹

50 856 113 903 suo
127 833 257 902 robore
273 834 490 926 persistant,
510 841 775 918 emiseroentur,
800 857 841 902 ae
864 833 984 902 oniiu'a
1008 833 1232 902 Monastcria
1255 840 1292 899 et
1303 854 1480 925 personae
1494 831 1548 899 di-

51 957 130 1020 ctae
138 948 353 1019 Provinciae
364 949 582 1020 Austriacae
593 949 640 1017 iis
649 949 768 1041 quiete
778 956 813 1018 et
822 949 897 1018 sine
909 948 980 1018 ulla
993 948 1244 1040 impedimento
1253 948 1454 1038 panderent
1465 948 1552 1037 frui

48 1064 198 1156 possint,
212 1072 371 1134 abarien
387 1087 470 1134 cum
480 1064 640 1155 pratioso
654 1064 868 1157 beneplacita
884 1064 1029 1149 Nostro,
1044 1064 1240 1134 haeredum
1256 1086 1298 1133 ac
1307 1073 1549 1156 posterorum,

53 1204 93 1250 oc
106 1181 187 1250 sinc
196 1179 426 1273 praeiuditio
442 1181 583 1250 iuriam
599 1179 728 1265 Nobis,
744 1179 1009 1250 Successori'bus
1023 1188 1057 1248 ct
1073 1178 1157 1249 aliis
1167 1180 1449 1270 competentium.

140 1295 364 1367 iliandainus
372 1297 486 1389 proin
502 1295 663 1366 amnibiis
685 1304 721 1366 et
734 1296 884 1388 sinpuli's
907 1294 1054 1365 Nostris
1068 1303 1182 1365 status
1203 1295 1432 1366 ecclesiastici
1442 1305 1477 1364 et
1489 1319 1551 1388 po·

54 1411 148 1481 litici
161 1411 435 1504 Superioribus,
457 1412 644 1505 maeotim
661 1411 842 1481 modernis
864 1420 898 1479 et
912 1412 1053 1502 fatonis
1076 1411 1190 1481 lacum
1208 1392 1551 1502 tenentibus,'reoio-

53 1550 141 1596 num
164 1526 397 1612 Marsclialis,
420 1528 636 1620 capitaneis,
660 1526 1035 1611 administratoribus,
1058 1526 1282 1597 cancellariis
1307 1528 1496 1617 i‘eai'iiiinis
1518 1537 1552 1597 et

53 1664 234 1728 cananae,
256 1642 476 1714 consiliariis
498 1643 536 1713 in
558 1642 723 1713 omnibus
737 1643 942 1732 romanibus
964 1643 1187 1727 Austriaris,
1211 1641 1411 1727 Praelatis,
1440 1642 1552 1712 Comi·

55 1757 155 1842 tibis,
176 1757 397 1845 Beronibus,
420 1759 631 1852 Equitibus,
659 1760 782 1829 Sennis
811 1759 1090 1844 Viae-Dominis,
1119 1761 1307 1852 Satrapis,
1331 1760 1552 1853 Praefectis,

55 1872 443 1961 Aeliiiinistratoribus,
475 1874 716 1966 Buropraoiis
746 1883 781 1944 ct
810 1874 1076 1964 Landpraoiis,
1108 1874 1323 1946 Promnciae
1354 1876 1551 1961 iudicibus,

51 1988 295 2082 praetoribus,
319 1988 534 2076 consulibus,
560 1990 755 2083 i'inlicibus,
770 1990 1010 2075 senatoribus,
1033 1990 1167 2060 ciuibus
1181 1999 1217 2059 et
1231 1991 1377 2083 plebeis,
1402 1993 1553 2081 arietina-

57 2105 208 2175 tinniet
237 2105 399 2176 aliarum
430 2129 557 2175 rerum
586 2105 849 2198 receptoribus,
881 2106 1137 2198 inspectoribus
1167 2108 1312 2177 italiis
1342 2108 1553 2198 officialibus

56 2220 206 2290 subditis
226 2228 264 2290 et
288 2221 471 2312 fidelibus,
499 2222 751 2315 cuiuscumque
772 2231 885 2291 status
908 2245 950 2291 ac
978 2222 1190 2292 conditionis
1215 2231 1315 2308 sunt,
1340 2225 1498 2316 prati'ose
1520 2232 1554 2293 et

58 2335 165 2421 snio,
190 2345 232 2406 ut
252 2339 348 2427 fatas
372 2335 566 2427 Relipiosas
580 2343 618 2406 et
636 2336 832 2407 Conoenius
847 2335 926 2406 FF.
943 2337 1033 2407 Mi'iu
1056 2337 1355 2427 Reformatorum
1369 2338 1407 2408 S.
1431 2337 1553 2409 Fran·

59 2451 141 2521 a‘sci
154 2452 196 2521 in
218 2452 386 2536 Austrta,
401 2451 544 2545 Stgnria,
573 2452 766 2523 Corinthia
781 2461 816 2522 et
843 2452 1023 2537 Garniala,
1039 2476 1102 2523 nec
1124 2477 1195 2524 non
1212 2453 1345 2524 Nostro
1375 2453 1552 2525 Comitatu

54 2566 257 2661 imolensi
278 2568 386 2638 iuxta
408 2567 585 2639 Nostrum
608 2567 888 2660 beneplacitum,
910 2569 986 2639 suis
1008 2569 1192 2662 acquisitis
1214 2578 1251 2640 et
1275 2569 1389 2640 auctis
1406 2569 1555 2662 privile-

61 2684 144 2771 piis,
167 2682 413 2769 libertatibus,
436 2685 584 2775 pratii's,
600 2684 721 2770 doni's,
744 2685 1037 2776 fundationibus,
1053 2687 1278 2778 eleemosynis
1299 2687 1434 2756 ctsalis
1456 2687 1555 2756 bene·

65 2798 152 2885 fcta
167 2822 233 2869 nec
256 2822 328 2868 non
346 2800 416 2870 ista
438 2801 717 2891 confirmatione
731 2802 850 2896 quiete
872 2803 932 2871 uti
943 2811 978 2871 et
991 2803 1077 2893 frui
1092 2803 1326 2894 permittant,
1344 2827 1385 2874 oc
1399 2804 1496 2872 circa
1511 2825 1554 2873 ea

64 2911 256 3006 defendant
276 2937 339 2984 nec
361 2915 572 3001 admittant,
597 2924 638 2986 ut
660 2941 684 2986 a
706 2941 924 3011 quocumque
945 2918 1098 3010 desuper
1122 2918 1375 3012 inquietentur.

143 3029 191 3101 Si
210 3031 291 3123 quis
305 3031 532 3101 contrarium
550 3032 681 3122 enerit,
698 3031 872 3102 Nostram
884 3056 1034 3124 piarem
1051 3032 1333 3123 indipnationem
1348 3041 1384 3103 ct
1399 3056 1555 3125 poenam

60 3143 224 3217 incurret
244 3156 279 3216 et
300 3147 352 3217 ad
369 3170 521 3240 poenam
544 3148 585 3216 in
606 3146 858 3240 diplomatibus
884 3157 1068 3234 tanatani,
1101 3150 1139 3217 in
1164 3150 1217 3219 50
1240 3150 1375 3220 marcis
1406 3149 1495 3219 auri
1518 3148 1555 3215 in

56 3258 187 3334 ὐοηανη
209 3262 390 3333 dictorum
418 3261 670 3335 &cenobiorum
693 3265 916 3357 applicandis
938 3273 1110 3350 stantem,
1136 3267 1234 3335 toties
1257 3266 1391 3359 quoties
1413 3272 1556 3334 cantra-

52 3378 159 3449 rinm
180 3378 311 3470 aperit,
334 3379 594 3471 adstrinpetur.

149 3493 249 3565 Haec
272 3495 433 3567 columns
453 3496 546 3566 semo
571 3497 635 3566 isto
658 3496 865 3588 diplomate,
888 3495 1021 3567 Nostra
1050 3497 1347 3587 Caesareo-Repo
1369 3506 1405 3567 et
1426 3497 1556 3567 Arabi-

51 3607 181 3681 dncoli
199 3609 316 3701 sinilia
339 3612 491 3697 munita,
514 3619 551 3682 et
581 3611 803 3682 Vimlobonae
832 3612 871 3680 in
895 3611 1033 3683 Nostra
1056 3612 1253 3704 Metropoli
1281 3637 1323 3682 ac
1346 3612 1557 3683 Resi'clentia

54 3727 226 3816 expedito
247 3727 308 3798 die
329 3725 395 3798 28.
420 3727 595 3798 Ianuarii
615 3751 710 3798 anno
735 3728 855 3814 1766,
879 3751 1071 3819 rcanorum
1093 3737 1299 3798 nostrornm
1321 3737 1430 3798 sento.

350 4051 473 4173 ΓΙ
897 3959 1026 4030 Mena
1050 3959 1239 4029 nonnoso
1264 3959 1313 4029 M.
1338 3958 1379 4028 P.

363 4080 404 4152 L.
428 4083 464 4153 S.

240 4303 345 4375 Gens.
371 4304 531 4375 Pennas.

158 4535 207 4607 41.
234 4537 278 4607 A.
306 4535 351 4607 R.
382 4535 423 4607 P.
454 4536 672 4628 Arbogastus
702 4535 920 4628 Kressnigg,
953 4536 1113 4607 Minister
1142 4535 1246 4607 Pron.
1279 4536 1409 4628 Tyrol,
1442 4559 1557 4606 coram

91 4631 326 4738 Reverentia„
359 4651 496 4723 Celsiss
521 4675 562 4723 ac
584 4652 772 4743 gratiosiss.
797 4652 933 4722 Abbate
958 4652 1118 4744 Principe
1150 4653 1319 4724 Menrado
1342 4652 1557 4724 celeberrimi

93 4747 266 4839 Minnioni
291 4767 486 4860 Imperialis
508 4768 553 4838 ad
586 4768 621 4838 S.
646 4766 800 4838 Blasium
825 4768 859 4837 in
892 4768 989 4838 Silva
1013 4768 1188 4862 Hercynia
1218 4791 1276 4839 an.
1304 4768 1389 4838 1754
1416 4767 1560 4860 supplex

94 4882 243 4971 apparuit,
268 4881 464 4954 humillime
487 4904 630 4975 rogans,
654 4891 841 4976 quatenus,
874 4884 1022 4955 decretis
1054 4884 1246 4954 Austriecis
1277 4883 1560 4954 introductionem

95 4975 265 5083 inguarum
288 4998 484 5072 Hebraicae
508 5021 549 5070 ac
574 4999 730 5070 Graecae
761 4999 795 5068 in
819 4999 1007 5070 Provinciis
1039 4999 1307 5090 Deligiosorum‚
1337 4999 1371 5067 in
1402 4998 1561 5069 Dominio
