3766 6090
839 370 1041 427 CHRONICON

903 619 981 709 §1-

460 848 781 937 Monoeteriolum
809 850 1112 939 Berneteinense
1138 849 1425 937 Tertiariorum

646 984 696 1070 cd
724 982 763 1071 S.
793 984 980 1071 Ioannem
1008 983 1238 1095 Baptistam.

285 1236 419 1306 17711
452 1236 623 1307 Comitatu
660 1235 945 1328 Hohenbergensi
980 1235 1024 1306 ad
1060 1234 1208 1307 confinia
1244 1235 1363 1307 Silvae
1398 1236 1550 1329 Nigrae,
1582 1235 1666 1328 vulgo
1734 1290 1736 1301 .

193 1352 472 1440 Schwarzwald,
496 1353 589 1421 intra
613 1352 810 1423 Dominium
842 1352 1081 1438 Austriacum,
1117 1350 1295 1423 Dioecesin
1328 1351 1617 1424 Constantieneem
1639 1359 1666 1422 et

192 1467 390 1561 Capitulum
415 1467 531 1538 rurale
556 1468 850 1559 Haigerlochense
884 1467 1239 1540 MONASTERIUM
1271 1465 1666 1553 BERNSTEINENSE,

190 1584 297 1675 vulgo
323 1584 532 1669 Bernstct'n,
556 1584 722 1654 Fratrum
746 1584 838 1654 tertii
862 1583 999 1654 Ordinis
1023 1583 1057 1654 S.
1081 1584 1122 1655 P.
1157 1585 1202 1656 N.
1238 1585 1416 1657 Francisci
1449 1585 1595 1657 statione
1620 1604 1669 1654 sna

193 1699 338 1786 fruitur,
364 1700 475 1771 tribus
499 1699 594 1770 horis
617 1700 737 1770 Horba
760 1709 950 1786 remotum,
975 1722 1065 1792 pago
1092 1700 1400 1793 Horgenzimmern
1431 1723 1473 1772 ac
1501 1700 1672 1772 Partheno

192 1815 291 1886 nibus
315 1815 586 1908 Kirchbergensi
612 1839 653 1886 ao
677 1815 856 1886 Grnelensi
880 1815 963 1886 Ord.
989 1815 1024 1887 S.
1050 1816 1218 1887 Dominici
1234 1824 1289 1888 sat
1304 1816 1474 1905 vicinum,
1490 1816 1588 1888 cuius
1602 1815 1675 1886 haec

190 1932 298 2023 origo.
323 1932 499 2004 Eremitao
523 1932 685 2024 qnidam¹
712 1955 734 2002 a
757 1940 928 2025 tempore,
964 1956 1031 2025 quo
1053 1933 1143 2005 inter
1166 1933 1262 2005 vivos
1284 1932 1459 2027 degebant
1483 1932 1678 2005 Elisabetha

191 2048 233 2118 de
257 2049 371 2142 Byrn,
396 2048 591 2136 Comitissa,
616 2048 812 2141 Wilbnrgis
835 2057 870 2120 et
894 2049 1109 2141 liunignnda
1131 2050 1222 2121 duae
1245 2072 1394 2138 sorores,
1419 2050 1627 2123 comitissae
1645 2048 1682 2122 de

191 2163 403 2256 Holrenberg
426 2164 652 2253 (Parthenoni
678 2164 887 2257 Kirchberg.
911 2165 993 2237 Ord.
1019 2166 1054 2237 S.
1079 2165 1248 2238 Dominici
1271 2188 1325 2238 an.
1353 2165 1439 2267 1237
1475 2166 1577 2237 initia
1606 2165 1685 2237 dan·

192 2279 273 2370 tes),
298 2280 343 2350 ad
367 2280 491 2350 silvam
517 2281 549 2348 in
574 2280 700 2350 vicinia
724 2281 918 2351 haesitant
943 2290 1189 2373 pervenerunt,
1214 2282 1322 2354 variis
1344 2305 1367 2352 a
1388 2281 1492 2353 dictis
1519 2281 1690 2353 fundatri-

173 2396 287 2469 .ribus
312 2396 489 2467 favoribus
512 2396 640 2468 affecti.
665 2397 868 2489 Opinionem
904 2398 1010 2483 hanc,
1046 2397 1220 2471 traditioni
1256 2399 1419 2491 antiquae
1454 2399 1626 2485 innixam,
1657 2398 1689 2469 in

190 2514 242 2583 sui
268 2512 379 2584 medio
403 2514 570 2605 relinquo,
595 2521 630 2584 et
653 2513 802 2605 gradum
828 2514 917 2585 facio
941 2515 986 2585 ad
1010 2538 1070 2606 ea,
1093 2516 1137 2585 de
1158 2514 1281 2608 quibus
1296 2515 1444 2609 positiva
1461 2514 1693 2586 instrumenta

194 2630 443 2721 suffragantur.
467 2628 644 2700 Eremitae
669 2629 826 2720 quidam,
851 2631 879 2700 si
905 2653 968 2701 non
994 2638 1092 2717 ante,
1116 2638 1209 2701 certe
1233 2653 1288 2703 an.
1316 2629 1398 2703 1361
1425 2631 1460 2701 in
1476 2630 1571 2703 silva
1586 2630 1694 2701 Bern-

193 2746 362 2816 steinensi
384 2747 499 2817 sedem
523 2745 697 2837 fixerunt3
722 2746 811 2816 enim
837 2768 920 2817 vero
936 2746 990 2817 vir
1015 2746 1136 2818 nobilis
1159 2747 1202 2817 D.
1227 2747 1448 2819 Hermannus
1475 2746 1522 2819 ab
1548 2746 1620 2819 Ow
1634 2768 1694 2819 seu

191 2863 274 2948 Aw,
298 2863 540 2933 accendimus
564 2863 609 2933 ab
632 2862 793 2955 Hirlinga
808 2864 836 2946 ²,
862 2864 1004 2935 Ioannes
1027 2870 1063 2934 et
1086 2863 1322 2956 Marquardus
1351 2864 1427 2935 eius
1453 2862 1536 2951 filii,
1565 2862 1695 2935 silvam

189 2979 489 3050 Bernsteinensem
513 3001 601 3049 anno
627 2979 689 3050 lroc
710 2979 767 3049 die
792 2979 955 3051 Mercurii
980 2988 1061 3051 ante
1085 2979 1227 3051 Festum
1256 2979 1291 3050 S.
1314 2978 1390 3050 Viti
1413 3000 1436 3050 a
1459 2979 1577 3051 tribus
1600 2978 1692 3053 Nob.

189 3094 266 3166 DD.
292 3095 473 3184 iratribus,
499 3097 671 3185 Conrado,
696 3095 896 3168 Hermanno
917 3108 952 3166 et
976 3096 1125 3167 Henrioo
1148 3096 1282 3166 Zimrer
1305 3096 1351 3167 ab
1370 3094 1618 3167 Hdnatweiler
1632 3118 1695 3189 ap-

189 3211 341 3303 pellatis
371 3210 434 3282 145
456 3212 567 3304 pondo
590 3212 768 3284 obolorum
791 3220 939 3299 emtam,
974 3235 1121 3283 unacum
1157 3213 1229 3283 suis
1263 3212 1360 3283 bonis
1382 3235 1425 3283 ac
1447 3212 1586 3283 iuribus
1607 3210 1695 3283 Fra·

190 3326 301 3398 tribus
325 3327 489 3397 Udalrico
512 3336 547 3398 et
571 3328 727 3416 11111111,
752 3350 816 3399 nec
850 3351 914 3399 non
939 3328 1080 3420 reliquis
1103 3328 1168 3399 fati
1193 3326 1392 3399 Eremitorii
1415 3326 1607 3399 Fratribus
1637 3348 1693 3398 an.

192 3443 273 3513 1361
303 3444 380 3514 Fer.
406 3445 445 3514 Il.
471 3452 551 3514 ante
567 3445 705 3515 Festum
732 3445 765 3515 S.
790 3445 927 3514 Mariae
951 3444 1185 3536 Magdalenae
1214 3442 1391 3514 liberrimo
1414 3442 1502 3514 dono
1525 3442 1696 3514 transcri-

189 3570 344 3651 pserunt,
371 3559 507 3630 adiecta
529 3560 736 3649 conditione,
762 3561 851 3652 quod
875 3561 908 3629 in
933 3583 1011 3630 casn
1048 3559 1284 3630 Eremitarum
1320 3559 1419 3651 plene
1453 3559 1693 3630 deficientium

189 3684 250 3747 aut
274 3677 308 3745 in
332 3678 483 3747 moribus
513 3678 797 3761 exorbitantium,
834 3677 900 3747 ista
935 3676 1145 3747 Monasterio
1168 3674 1402 3746 Binsdorlensi
1428 3673 1693 3746 Dominicarum

189 3793 336 3863 cederet.
361 3793 601 3866 Reverendiss.
627 3795 669 3865 D.
695 3793 935 3874 Eberhardus‚
960 3792 1161 3862 lllonasterii
1179 3791 1315 3883 Augiae
1331 3788 1464 3878 divitis,
1482 3789 1595 3882 vulgo
1610 3788 1694 3860 Rei-

188 3910 337 4000 chenau,
363 3912 497 3998 Albas,
523 3911 566 3980 ad
591 3910 777 4003 supplicem
807 3909 982 3996 libellum,
1008 3931 1029 3977 a
1054 3907 1230 4001 praedicto
1253 3908 1295 3978 D.
1322 3908 1524 3979 Hermanno
1545 3904 1594 3977 de
1627 3906 1692 3978 Ow

189 4049 243 4097 an.
268 4028 387 4098 eodem
412 4028 445 4095 in
469 4026 601 4117 Vigilia
626 4027 660 4097 S.
685 4027 822 4097 Mariae
847 4024 1079 4116 Magdalenao
1102 4023 1274 4111 oblatum,
1310 4022 1389 4094 Fer.
1424 4023 1480 4093 111.
1518 4032 1597 4117 post
1626 4024 1693 4097 Fe·

188 4152 277 4215 stum
305 4145 338 4213 S.
364 4145 522 4216 Otlimari
548 4145 728 4214 Fratribus
745 4144 797 4213 ius
814 4142 905 4212 seudi
922 4141 1191 4211 Bernsteinensis
1207 4138 1415 4231 resignavit,
1433 4138 1553 4210 addito
1571 4162 1690 4228 onere,

188 4269 225 4331 ut
249 4261 489 4351 recognitionis
524 4284 608 4352 ergo
642 4261 676 4328 in
711 4260 815 4331 Festo
851 4258 1103 4328 purificationis
1126 4257 1166 4326 B.
1190 4256 1234 4326 V.
1258 4255 1396 4326 Mariae
1427 4254 1613 4327 annuatim
1646 4256 1692 4327 ad

187 4377 271 4446 dicti
295 4376 451 4447 Coenobii
476 4377 659 4446 Cameram
685 4375 835 4445 mediam
861 4375 984 4445 libram
1009 4377 1132 4444 cerae³
1154 4396 1216 4465 per
1239 4371 1377 4442 fidelem
1410 4371 1585 4443 famulum
1610 4374 1690 4445 sub·

187 4492 338 4562 mittant.
363 4492 606 4563 Reverendiss.
631 4492 771 4579 Patrue,
797 4491 858 4583 Ep.
885 4491 1105 4584 Cyronensis,
1132 4488 1301 4560 Hemici‘
1326 4487 1389 4582 Ep.
1415 4485 1691 4561 Constantiensis

186 4609 346 4680 Vicarins
369 4609 564 4696 Generalis
589 4631 643 4678 an.
672 4607 758 4678 1370
782 4607 881 4678 iuxta
904 4607 1110 4699 scripturam
1127 4607 1244 4677 Germ.
1261 4606 1296 4677 in
1311 4604 1423 4676 literis
1438 4604 1693 4678 benedictionis

293 4903 301 4937 ¹
322 4902 481 4969 Compilator
501 4901 613 4953 llonum.
633 4898 748 4953 Coeuob.
768 4898 926 4964 Bernstoin.;
947 4897 1016 4951 unde
1036 4896 1184 4950 attondendl
1204 4910 1255 4950 non
1274 4900 1335 4949 sunt
1353 4895 1494 4963 scriptores
1513 4894 1693 4953 determinate

185 4999 252 5055 dnos
270 5001 315 5054 FF.
335 5004 482 5067 allegantes.

291 5101 302 5134 1
321 5102 406 5165 Pagus
426 5102 479 5165 liic,
501 5100 659 5151 l’nrtlrcnone
679 5097 740 5150 Ord.
760 5098 785 5149 S.
806 5097 931 5148 1111111111
952 5098 1104 5161 instructus,
1124 5097 1189 5148 inter
1208 5095 1367 5159 llecltingnm
1386 5099 1414 5148 et
1431 5091 1547 5147 Horbum
1561 5096 1694 5150 considet

289 5196 300 5231 ³
320 5197 391 5250 Onus
411 5200 460 5249 troc
479 5211 520 5249 11.
543 5194 624 5262 1717,
644 5195 768 5249 Camenae
788 5196 911 5260 [tugiensi
931 5195 964 5245 30
984 5194 1209 5258 denordestune,
1230 5193 1348 5246 cessarit.

291 5295 302 5330 ⁴
321 5298 449 5364 lntetlige:
470 5298 520 5363 111.,
541 5295 648 5350 Comitis
667 5297 699 5349 de
719 5296 840 5362 1111111111,
861 5308 901 5347 11.
926 5294 990 5346 1336
1010 5295 1083 5347 electi
1102 5301 1126 5347 et
1145 5304 1186 5346 11.
1208 5292 1275 5346 1381
1294 5304 1475 5346 successorem
1493 5290 1594 5359 adepti.
