3766 6090
584 422 747 474 rsovmo.
772 422 901 473 rasos.
927 424 981 473 rs.
1007 422 1131 474 nisos.
1157 425 1292 474 aaron.
1643 402 1690 476 43

173 541 494 638 Kirchbergensis,
520 546 672 634 SuevuS,
688 568 744 617 an.
771 545 857 616 1698
878 546 934 617 die
957 546 1011 617 26.
1028 546 1129 623 Maii.
1147 548 1315 618 Praeside
1331 547 1547 619 Bernardino
1570 545 1687 635 Taeb,

176 660 290 732 Prov.
318 661 485 734 Austriae
508 661 713 733 Guardiano
738 662 995 734 Vindobonensi
1019 663 1147 735 actuali
1162 666 1185 733 ¹.

896 892 982 984 so.

370 1123 506 1211 Status
532 1124 762 1210 Provinciae
789 1124 1019 1234 Tyrolensis
1047 1125 1096 1210 ab
1124 1149 1228 1210 auno
1258 1124 1361 1211 1700
1389 1149 1519 1234 usque

709 1258 758 1342 ad
786 1282 975 1367 praesens
1003 1262 1172 1368 tempus.

281 1479 337 1551 36.
360 1481 460 1551 Anno
486 1477 574 1549 1703
597 1479 694 1549 miles
714 1479 907 1549 Bavarious
930 1478 1058 1549 vallem
1087 1479 1281 1566 Oenanam,
1307 1479 1464 1550 Gallicus
1482 1501 1563 1550 vere
1582 1478 1691 1549 Athe·

188 1598 303 1666 sinam
320 1594 459 1682 invasit,
485 1603 629 1685 uterque
646 1594 691 1663 ab
713 1593 812 1664 initio
828 1594 941 1664 aleam
966 1593 1123 1664 fortunae
1144 1594 1277 1665 calculo
1305 1594 1398 1681 albe,
1418 1617 1497 1665 mox
1514 1616 1597 1664 vero
1614 1601 1692 1665 atro

188 1733 255 1803 pro
277 1733 314 1781 se
336 1717 510 1795 notatam,
535 1717 700 1803 expertus
716 1717 752 1779 et
774 1717 850 1802 post
864 1709 964 1779 varia
987 1709 1126 1780 sinistra
1142 1709 1344 1780 discrimina
1368 1708 1492 1800 ubique
1509 1709 1543 1778 in
1567 1709 1690 1801 fugam

188 1834 301 1897 actus.
325 1825 586 1897 Maximilianus
608 1824 793 1911 Emanuel,
818 1825 957 1897 Elector
987 1827 1195 1913 Bavaricus,
1224 1825 1478 1896 Bavariearum
1514 1825 1690 1918 copiarum

190 1941 494 2033 ArchistrateguS,
518 1942 562 2012 ob
582 1941 748 2012 virtutem
773 1941 932 2011 bellicam
956 1940 1266 2027 aestimatissimus,
1291 1940 1521 2028 Kuel'steinio,
1545 1940 1693 2012 Ratten·

190 2058 302 2150 berga
330 2066 366 2127 et
390 2056 483 2127 Hala
507 2055 601 2127 sacili
626 2057 761 2148 negotio
783 2057 958 2149 occupatis
981 2057 1204 2149 Oenipontem
1220 2055 1276 2126 die
1291 2057 1324 2127 0.
1347 2056 1426 2127 lulii
1450 2056 1625 2148 ingressus
1646 2056 1691 2126 ad

188 2174 318 2244 valvas
340 2172 519 2243 Ecclesiae
542 2171 677 2242 aulicae
700 2170 909 2243 descendens
931 2181 967 2242 et
994 2171 1142 2242 cantatis
1174 2171 1319 2243 Litaniis
1352 2171 1501 2257 rediens,
1528 2193 1550 2240 a
1586 2171 1691 2242 Patre

189 2289 318 2360 Ioanne
335 2287 563 2380 Evangelista
580 2286 806 2379 Aiobperger,
820 2286 1030 2374 Guardiano,
1047 2310 1089 2357 ac
1104 2287 1179 2356 eius
1192 2286 1338 2358 subditis
1352 2295 1515 2357 consueta
1531 2308 1692 2357 reveren-

189 2404 243 2475 tia
266 2414 443 2497 exceptus,
469 2404 552 2474 istos
574 2403 691 2496 patria
714 2424 797 2474 voce
828 2403 877 2473 sie
900 2403 1003 2473 affari
1027 2403 1160 2496 coepit:
1186 2401 1342 2473 Patres!
1366 2403 1427 2473 Sr'e
1441 2402 1587 2487 wracen,
1611 2402 1692 2473 duco

192 2523 249 2592 iob
274 2521 341 2592 Iler
356 2520 521 2611 Relrpiora
544 2520 653 2590 olaeit
666 2543 731 2590 eor
753 2521 910 2590 anderen
922 2519 1059 2610 pelobbt.
1075 2519 1137 2589 Sic
1159 2519 1266 2590 sollers
1280 2519 1478 2589 versichert
1491 2521 1594 2610 sepa,
1610 2503 1692 2590 dass

192 2637 249 2708 iola
275 2638 380 2708 clareo
402 2637 523 2708 roardo
549 2636 1076 2729 &caeterorummetum
1093 2637 1244 2707 Maiores
1268 2635 1470 2706 Provinciae
1495 2634 1690 2705 Electorem

190 2754 238 2825 ad
263 2753 382 2824 aulam
405 2753 534 2840 secuti,
559 2752 702 2823 adeius
737 2753 968 2846 praesentiam
994 2777 1073 2824 mox
1096 2752 1237 2823 admissi
1263 2753 1375 2844 fuere3
1405 2752 1487 2822 istos
1520 2749 1580 2821 ille
1604 2751 1692 2820 mira

189 2870 360 2941 comitate
383 2878 418 2939 et
441 2868 706 2940 mausuetudine
729 2869 863 2962 excepit
886 2892 940 2957 ac,
957 2869 1066 2940 variis
1089 2869 1267 2940 favoribus
1290 2867 1469 2955 exhibitio,
1487 2868 1580 2938 hisce
1604 2865 1692 2937 affa-

190 2993 248 3055 tus
271 2992 345 3055 ost:
370 2983 569 3074 Anbeloupt
591 3007 677 3054 eaeo·
701 2983 927 3069 Fumtata'ore,
952 2985 1074 3055 werde
1098 2985 1154 3055 iola
1176 2984 1287 3055 solelee
1309 2985 1366 3053 roe't
1388 3008 1462 3053 aur
1484 2983 1593 3053 allecia
1607 2982 1691 3053 eaelo

186 3101 371 3193 pentasemo
405 3098 537 3185 lassare,
571 3099 742 3169 suaderem
755 3117 761 3128 ·
775 3099 863 3169 selba
899 3099 977 3170 aad
1004 3100 1091 3171 acela
1126 3100 1236 3171 mehr.
1269 3099 1325 3169 Za
1359 3100 1439 3169 deur
1472 3101 1638 3190 erfreuet
1657 3122 1693 3169 es

189 3215 306 3301 macl,
329 3214 412 3285 dass
441 3215 493 3284 sie
527 3215 643 3285 aceiae
676 3214 892 3286 Nacbboreu
917 3221 1010 3306 'sopra
1045 3215 1123 3285 read
1149 3214 1205 3284 c'clc
1237 3216 1289 3285 sr'e
1323 3213 1483 3285 coemat
1515 3213 1581 3305 bey
1616 3214 1692 3282 rrae'r

189 3332 289 3403 aare.
313 3329 488 3408 Quamdiu
511 3331 699 3423 Oeniponte
723 3330 938 3417 morabatur,
963 3330 1092 3402 Officiis
1112 3330 1240 3400 divinis
1263 3330 1297 3399 iu
1320 3329 1476 3400 Ecclesia
1508 3328 1621 3399 aulica
1645 3328 1693 3398 in·

190 3447 327 3518 terfuit
352 3445 509 3517 Tandem
533 3468 577 3516 ex
600 3445 706 3517 caede
731 3446 913 3539 multiplici
936 3468 1074 3516 suorum
1098 3445 1291 3538 etcopiose
1320 3444 1484 3536 inquilino
1507 3442 1691 3536 Tyrolensi

190 3572 314 3634 eontra
337 3562 527 3632 exercitum
551 3584 651 3632 suum
679 3562 803 3652 ubique
827 3561 862 3629 in
885 3562 994 3632 armis
1022 3561 1236 3648 imminente,
1259 3561 1541 3654 perterrefactus,
1564 3560 1622 3630 die
1636 3559 1691 3631 27.

193 3678 297 3749 lulii'
322 3676 512 3770 Oeniponte
536 3677 655 3764 movit,
681 3685 718 3746 et
740 3677 863 3747 itinere
887 3698 1008 3747 versus
1032 3676 1270 3747 Subernizium
1293 3676 1427 3746 directo
1450 3676 1485 3745 in
1500 3675 1690 3746 Bavariam

194 3793 313 3878 rediit,
338 3791 423 3862 loeis
437 3791 615 3878 omnibus,
630 3814 719 3883 quae
734 3800 964 3884 occupaverat
979 3800 1122 3885 excepto
1138 3791 1371 3876 Kuelsteinio,
1397 3790 1541 3861 amissis.
1568 3791 1692 3861 Comes

196 3906 376 3979 Heisterus
410 3908 456 3978 ad
491 3907 625 3978 initium
649 3907 804 3978 Octobris
838 3908 919 3978 anni
942 3907 1094 3978 eiusdem
1118 3907 1233 4000 copias
1267 3929 1347 3978 suas
1374 3906 1515 3997 (quibus
1548 3907 1690 3998 quidam

201 4023 320 4095 Patres
343 4047 388 4094 ex
411 4023 588 4095 Conventu
613 4023 775 4094 Suazensi
798 4045 863 4094 sua
886 4024 1032 4094 servitia
1056 4023 1253 4117 spiritualia
1277 4022 1493 4111 detulerunt)
1523 4021 1692 4093 fortalitio

204 4138 454 4212 Kuefsteineusi
470 4138 635 4226 admovit,
651 4148 689 4210 et
703 4138 844 4210 civitate
859 4139 894 4209 in
911 4161 1009 4210 suam
1025 4147 1230 4232 potestatem
1250 4139 1401 4226 redacta,
1425 4160 1541 4209 arcem
1558 4161 1691 4230 quoque

210 4257 353 4326 omuibus
367 4255 497 4325 viribus
512 4254 698 4346 subiugare
714 4265 857 4326 conatus
874 4262 942 4326 est:
958 4263 1013 4325 ast
1027 4255 1127 4326 irrito
1143 4262 1283 4344 conatu3
1299 4255 1421 4347 quippe
1438 4254 1563 4325 chorus
1578 4254 1692 4324 Bava-

214 4372 264 4441 rici
284 4371 415 4458 militis,
439 4371 474 4440 iu
497 4371 521 4441 6
543 4370 680 4441 circiter
704 4370 857 4441 millibus
883 4379 995 4459 stans,
1020 4371 1074 4441 dio
1094 4370 1144 4442 13.
1170 4372 1258 4441 Nov.
1276 4371 1479 4458 adveniens,
1497 4369 1692 4440 Austriacis

220 4487 343 4577 legatis,
367 4486 547 4558 civitatem
574 4488 804 4581 recuperavit,
829 4510 870 4557 ac
894 4510 980 4560 novo
1002 4495 1039 4558 et
1067 4487 1190 4580 potiori
1215 4487 1324 4557 milite
1348 4509 1464 4557 arcem
1488 4476 1654 4557 instruxit
1667 4488 1691 4557 ³.

304 4724 444 4778 1uonum.
464 4723 540 4776 va.
560 4723 648 4788 Tyrol.
668 4723 828 4776 Franclscau.
848 4730 916 4777 cont.
936 4722 993 4777 orb.
1012 4724 1120 4790 Serapb.
1140 4730 1157 4777 t.
1176 4722 1201 4775 5.
1221 4737 1247 4789 p.
1267 4723 1318 4775 377
1337 4728 1363 4776 et
1386 4737 1440 4791 seq.
1463 4720 1609 4776 chronicon
1632 4736 1692 4788 per·

224 4830 273 4868 aun
292 4821 362 4875 Prov.
382 4821 472 4887 Tyrol.
492 4821 653 4874 Franciscan.
673 4835 699 4887 p.
727 4822 760 4873 20
779 4826 827 4874 etc.
846 4823 914 4874 cirea
938 4821 1067 4889 quasdam
1087 4822 1293 4874 circumstantias
1318 4819 1428 4873 subina
1454 4821 1570 4873 veritatis
1587 4821 1691 4872 tramite

225 4909 329 4971 ebemm

305 5014 390 5069 ’Dies
408 5017 451 5068 hie
470 5015 503 5068 dc
521 5014 592 5067 abitu
618 5015 748 5080 completo
771 5021 797 5068 et
815 5015 884 5068 ilnali
904 5016 1086 5081 intelligendus
1104 5024 1155 5079 est,
1177 5016 1309 5084 adquam
1328 5015 1371 5067 dle
1390 5015 1432 5067 26.
1452 5014 1506 5067 lulli
1534 5016 1559 5065 ln
1579 5014 1644 5066 testo
1663 5014 1689 5066 S.

226 5101 293 5160 Aurae
306 5113 369 5166 initia
389 5111 475 5180 (quae
492 5114 584 5166 civitas
602 5111 780 5178 Oenipoutana
799 5127 885 5165 annun
905 5113 1062 5178 gratitudine
1081 5115 1191 5180 excipit)
1211 5114 1295 5179 posita
1314 5120 1382 5165 sunt.

308 5208 447 5263 'tionum
475 5211 551 5263 l’rov.
571 5210 659 5275 Tyrol.
679 5209 829 5263 Conventus
847 5209 1018 5277 Oenipontaui
1042 5225 1073 5264 ac
1095 5212 1211 5264 llolensis
1235 5210 1413 5277 Francisceni‚
1437 5223 1468 5263 ac
1486 5210 1551 5261 varll
1570 5215 1689 5262 aucteurs

233 5292 306 5356 suun
321 5307 599 5376 &vancoTyrolensc
619 5313 766 5375 angentes.
