3750 6082
591 401 754 452 ruovmc.
778 401 907 451 rruou.
931 400 984 450 rr.
1009 401 1133 451 sriuou.
1158 402 1289 451 aaron.
1641 381 1682 451 81

209 518 452 594 Ecclesiasticus
474 531 509 593 et
531 523 606 592 alia
643 524 737 592 iniis
760 523 922 593 remedia
945 524 1211 615 contepescenclo,
1237 525 1397 594 inuocato
1421 525 1531 594 etiam
1555 524 1687 594 otiliae

213 638 249 721 (si
263 662 346 731 opius
368 640 503 730 scutit)
527 638 668 707 otacilio
692 637 834 707 bracln‘i
853 639 1050 708 saecularis
1102 639 1178 708 Nos
1201 641 1294 709 enim
1317 639 1449 708 ei'sdcm
1472 639 1688 708 euseimtori-

206 750 253 823 lm
274 755 307 822 in
335 754 502 824 Roiuono
520 754 634 824 Curio
657 762 692 824 et
714 762 824 824 entra
846 778 945 838 eain,
970 752 1095 846 picibus
1110 764 1144 824 el
1160 756 1293 848 qnioti'es
1310 753 1540 825 inln'benclnm
1555 756 1686 847 faerit,

201 869 387 948 inhibendi,
413 894 455 939 ac
477 877 658 963 sequestro
681 893 908 962 altaecumbae
929 872 1059 960 forsan
1083 870 1133 938 ait
1157 872 1368 941 instantiam
1390 871 1570 940 dictorum
1593 869 1686 941 Fra·

193 994 285 1056 tanin
312 985 607 1055 eenamcenam
630 1008 739 1077 stipor·
762 985 860 1054 bonis
882 985 1000 1055 (lictae
1024 986 1177 1071 Dmnns,
1201 995 1237 1056 ot
1260 988 1405 1056 illoram
1430 989 1606 1079 opposita,
1626 988 1685 1056 tol-

185 1100 304 1184 lendi,
326 1101 529 1170 relauaacli
549 1108 585 1170 et
604 1099 812 1184 ornamenti,
836 1108 873 1168 ot
894 1101 1038 1171 illoram
1061 1103 1332 1193 reparationem
1348 1102 1466 1171 dictae
1482 1102 1635 1187 Doinni,
1651 1113 1687 1172 et

176 1241 257 1290 nom
292 1219 328 1285 in
363 1216 451 1287 alios
486 1239 570 1285 asiis
604 1215 854 1300 concertandi,
884 1217 1030 1309 plenam
1055 1226 1089 1286 et
1112 1216 1263 1288 liberam
1295 1218 1544 1288 aicctmitatem
1569 1226 1689 1289 tenore

168 1331 459 1430 praefatarum
482 1331 692 1423 facultatem
716 1332 948 1402 concedimus.
974 1332 1056 1402 Non
1080 1331 1297 1403 obstantibus
1316 1334 1531 1426 praemissis
1554 1358 1595 1404 nc
1610 1359 1689 1405 con-

165 1447 449 1532 stitutionem,
484 1455 521 1517 et
552 1447 845 1518 minationibus
869 1447 1096 1541 Apostolum,
1119 1449 1311 1542 ceterisque
1333 1450 1528 1521 contrariis
1550 1450 1688 1544 ortibus-

164 1586 330 1657 onerique.

281 1679 394 1750 Dotae
430 1679 568 1750 Romae
602 1687 701 1772 opteri
734 1682 769 1751 S.
813 1685 959 1750 Petrum
994 1680 1058 1750 snb
1081 1682 1214 1750 anioala
1238 1681 1454 1767 Piscatores,
1479 1682 1537 1750 ‹ln'e
1559 1684 1690 1754 nltiina

169 1796 328 1873 tiarati.
354 1794 546 1866 Miltesimo
569 1797 851 1890 qninpentesimo
879 1798 1014 1866 (lociana
1038 1804 1157 1878 sento,
1181 1796 1421 1888 Pontificatas
1443 1798 1575 1869 Nostri
1595 1824 1688 1870 annno

170 1918 325 2012 quartu.

283 2141 330 2212 69.
352 2141 398 2210 Vi
423 2140 496 2212 litis
520 2141 569 2212 ita
592 2141 729 2212 decisae
760 2143 847 2214 bona
872 2143 1155 2214 conventualium
1190 2144 1472 2235 Friburgeusium
1506 2168 1548 2215 ex
1574 2153 1688 2216 mente

191 2258 311 2327 summi
333 2256 511 2328 Pontificis
534 2264 714 2328 cesserunt
737 2258 888 2346 civitati,
914 2259 1074 2330 adiuncto
1097 2259 1215 2329 stricto
1239 2259 1416 2346 ruandato,
1434 2267 1472 2330 ut
1490 2261 1623 2331 fructus
1644 2285 1688 2332 ex

200 2370 254 2441 eis
273 2370 467 2444 lmuriendos
494 2396 558 2467 pro
590 2374 809 2467 reparatione
834 2375 1046 2463 Conventus,
1080 2383 1116 2444 ct
1139 2374 1216 2445 aliis
1239 2375 1501 2446 necessitatibus
1524 2377 1686 2447 Fratrum

208 2486 373 2578 impendat.
399 2489 595 2561 Conventus
612 2491 690 2561 exin
709 2490 861 2561 militare
878 2491 989 2585 coepit
1005 2491 1068 2561 sub
1084 2490 1212 2560 vexillo
1230 2491 1432 2562 Provinciae
1456 2494 1688 2584 Argentinen-

215 2597 268 2686 sis,
286 2626 336 2674 seu
366 2605 577 2677 Germaniae
609 2607 806 2700 superioris
840 2607 872 2675 in
903 2607 1025 2677 eadem
1050 2607 1233 2677 Custodiae
1257 2607 1451 2679 Rhenanae
1484 2609 1686 2703 adscriptus.

219 2713 269 2785 un.
285 2718 358 2793 1518
372 2721 428 2791 die
457 2720 508 2792 13.
525 2722 643 2794 Octob.
660 2732 696 2794 et
719 2746 788 2815 seq.
806 2722 1046 2793 Reverendiss.
1071 2722 1334 2811 Thalamonium,
1351 2747 1394 2794 ex
1411 2725 1563 2796 Mormm.
1581 2726 1686 2796 Couv.

220 2828 347 2928 Friburg.
371 2837 560 2931 Episcopus
584 2838 835 2933 Tripolitanus,
861 2839 1115 2930 Suffraganeus
1143 2839 1299 2932 Episcopi
1328 2840 1550 2928 Basileensis,
1575 2849 1685 2912 totum

220 2942 413 3041 Conveniam,
439 2953 604 3041 Chorum,
631 2955 821 3026 Ecclesiam
845 2980 886 3026 ac
909 2956 984 3025 eius
1007 2954 1161 3042 Altaria,
1186 2957 1352 3026 ambitum
1384 2965 1420 3028 et
1443 2957 1686 3028 coerceterium

221 3069 434 3157 remnciliavit,
459 3071 655 3142 sacristiam
680 3071 877 3143 interiorem
901 3080 937 3143 et
959 3072 1168 3142 exteriorem
1195 3072 1228 3141 iu
1254 3073 1416 3143 honorem
1443 3073 1477 3143 S.
1495 3073 1627 3159 Alexii,
1652 3082 1687 3143 et

220 3174 266 3248 SS.
287 3183 458 3278 Sepulchri
475 3187 659 3270 Dominici,
685 3188 823 3260 domum
841 3189 1076 3282 Capitularem
1104 3190 1135 3257 in
1158 3189 1323 3259 honorem
1340 3190 1449 3259 sancti
1467 3189 1685 3282 Hieronymi,

220 3313 334 3371 unacum
357 3303 540 3375 Altaribus
563 3328 683 3375 eorum
706 3328 748 3375 ac
772 3304 1002 3391 infirmariae,
1029 3305 1092 3374 hoc
1116 3327 1203 3375 anno
1228 3306 1361 3375 noviter
1385 3304 1580 3393 excitatae,
1610 3327 1687 3375 con-

219 3418 349 3504 secravit,
374 3426 483 3490 totum
513 3421 758 3491 coemeterium
791 3426 872 3491 ante
896 3429 1045 3512 portam,
1071 3420 1305 3513 peristylium,
1338 3420 1477 3490 domium
1510 3420 1687 3513 Capitula-

221 3542 294 3614 11111,
314 3532 483 3606 Ecclesiae
508 3536 674 3608 transitus
698 3560 739 3606 ac
762 3536 956 3607 sacristiam
982 3560 1045 3630 pro
1077 3536 1255 3630 sepultura
1278 3537 1477 3629 deputavit,
1510 3561 1550 3608 ac
1574 3537 1687 3607 Guar-

219 3632 311 3731 diauo,
330 3673 365 3721 eo
386 3651 477 3743 quod
503 3652 565 3724 SS.
591 3652 733 3723 Patroni
757 3660 913 3722 veterum
932 3652 1110 3722 Altarium
1134 3662 1172 3721 ut
1195 3652 1380 3745 plurimum
1403 3661 1519 3724 certae
1544 3654 1687 3724 notitiae

221 3770 269 3822 nou
289 3765 484 3855 substarent,
509 3768 687 3854 concessit,
714 3775 751 3838 ut
775 3768 911 3839 eosdem
935 3792 995 3862 per
1019 3769 1250 3855 coniecturam,
1275 3791 1318 3838 ex
1337 3769 1477 3861 picturis
1501 3769 1684 3856 formatas,

219 3863 445 3972 determinaret,
471 3872 661 3955 autetiam
688 3907 792 3955 novos
827 3884 1002 3954 adiiceret.
1033 3885 1106 3954 Hoc
1130 3884 1202 3976 ipso
1230 3892 1383 3976 tempore
1407 3883 1621 3971 ordinatum,
1647 3891 1686 3953 ut

221 3986 460 4070 anniversarium
483 3999 709 4071 dedicationis
733 3999 910 4070 Ecclesiae
933 3999 1128 4085 Dominica,
1147 3998 1271 4068 testum
1290 3999 1326 4070 S.
1346 3999 1480 4069 loannis
1504 3999 1685 4089 Baptistae

220 4114 430 4203 praecedente,
455 4115 660 4188 celebretur.
685 4116 821 4187 Nobilis
846 4117 987 4186 loannes
1010 4114 1053 4184 de
1079 4114 1238 4184 Schunau
1263 4114 1296 4183 in
1321 4114 1453 4184 ultimis
1476 4114 1604 4184 tabulis
1629 4136 1685 4184 an.

223 4209 289 4288 ¹524
306 4227 353 4301 die
372 4232 427 4303 26.
452 4232 535 4304 Feb.
560 4232 729 4319 decrevit,
754 4239 793 4302 ut
825 4231 859 4300 iu
884 4232 1007 4301 bouum
1031 4231 1211 4317 Fratrum,
1241 4230 1406 4322 quamdiu
1431 4231 1687 4327 observantiae

219 4326 318 4412 addicti
348 4348 489 4434 suerint,
523 4348 704 4418 annuatim
740 4348 781 4418 10
813 4347 937 4418 floreni
970 4370 1031 4440 pro
1062 4347 1294 4440 comparando
1327 4369 1438 4440 panno
1462 4346 1684 4440 applicentur.

219 4434 337 4528 Ciuitate
359 4459 584 4551 Friburgensi
607 4459 853 4530 coemeterium
878 4459 922 4529 ad
947 4480 1048 4528 usum
1071 4481 1170 4527 suum
1200 4456 1375 4550 applicare
1407 4464 1577 4543 tentante,
1602 4456 1683 4527 Ale-

219 4560 322 4641 xander
340 4574 475 4663 Miller,
500 4575 545 4644 ab
568 4574 729 4646 Huebero
753 4573 926 4646 Molitoris
949 4581 1109 4660 vocatus,
1136 4572 1298 4644 Minister
1323 4573 1522 4643 Provinciae
1551 4573 1685 4662 Argen-

219 4669 326 4758 tinensis
346 4690 388 4761 de
405 4676 650 4778 Obser'vantia,
669 4712 818 4761 unacum
836 4689 1011 4760 Conventa
1036 4688 1147 4758 eidem
1165 4710 1219 4758 an.
1236 4687 1320 4758 lam
1338 4687 1474 4774 restitit,
1493 4694 1685 4780 protestans

220 4806 258 4871 ⁸0,
276 4798 297 4867 si
315 4805 363 4878 vis
386 4803 572 4892 inseratur,
590 4827 723 4878 summo
749 4803 907 4877 Pontifici
932 4813 968 4874 et
983 4804 1128 4897 posteris
1152 4803 1320 4874 rationem
1339 4802 1431 4872 haud
1458 4801 1683 4872 redditurum.

221 4904 271 4977 Ast·
285 4913 358 4993 1535
372 4929 410 4992 et
433 4944 488 4992 an.
509 4921 590 4993 1541
618 4923 762 4993 loannes
785 4920 968 5012 Mieglich,
985 4920 1070 4990 civis
1092 4919 1347 5006 Friburpensis,
1366 4918 1499 4987 ratione
1522 4916 1686 4986 fenestra·

220 5046 278 5098 run
295 5037 396 5110 eidem
420 5061 675 5126 concessarum,
700 5046 735 5109 et
758 5060 813 5108 an.
842 5035 928 5107 1543
945 5036 1188 5127 Sigismundus
1211 5034 1345 5104 Keislin
1369 5032 1504 5103 ratione
1528 5031 1609 5101 tecti
1634 5054 1686 5100 re-

219 5150 341 5225 versans
362 5153 543 5226 dederunt.
559 5154 748 5245 Gregorius
771 5153 864 5223 Xlll.
881 5152 1104 5223 conformiter
1127 5150 1172 5220 ad
1189 5158 1334 5219 mentem
1361 5146 1552 5217 Tridentini
1578 5147 1685 5217 iusse-

218 5269 270 5350 rat,
283 5276 315 5338 nt
328 5268 542 5341 Mouasteria
558 5268 727 5359 Religiosi
745 5276 859 5340 status
876 5268 1110 5338 visitarentur.
1130 5266 1203 5337 Hoc
1221 5266 1254 5333 in
1267 5265 1440 5334 Conveutu
1459 5262 1685 5352 Friburgonsi

1526 5401 1541 5447 e
