3750 6082
185 393 231 465 26
829 411 1031 462 cnaouaaou

185 537 328 606 stolicoo
350 536 541 626 trinitatis
563 535 674 604 robur
697 535 898 605 adiicchcus.
935 519 1132 604 Praeterea
1166 555 1284 603 ornum
1319 532 1432 624 ipsius
1467 530 1655 604 Provinciae

187 653 268 743 Ros.
295 654 330 722 S.
356 650 528 742 Lcopohli
548 650 667 720 {toruos
689 651 873 741 capaciores
894 650 985 719 dicti
1005 649 1147 718 ordinis
1178 656 1216 717 ct
1230 648 1453 741 praesertim
1492 647 1656 741 Occuponti

186 792 227 837 uc
251 766 429 854 Frc'inaroi
450 766 635 856 Brcspoiuc
657 766 895 858 oppidorum,
930 765 1136 849 cc'nitatunc,
1160 770 1476 854 nuncupatorum,
1511 787 1573 833 occ
1602 787 1654 833 noa

185 885 345 953 ciuitatis
369 883 600 952 Brc‘ncc‘ncusis
623 882 746 952 anchus
769 882 929 952 cnc'clclicct
959 890 1031 950 tacu
1064 882 1230 951 carorum
1259 903 1368 973 quom
1403 879 1609 965 cnidiorum,
1627 905 1657 950 ac

188 999 340 1069 Bcclsani
360 1007 394 1068 ct
417 999 547 1068 aS'ccoaii
567 998 783 1089 oppidorum
805 1021 867 1067 seu
890 998 1058 1082 locarunt,
1075 997 1305 1066 Brc'acincnsis
1324 1019 1387 1065 acu
1417 996 1564 1066 alternus
1579 995 1657 1066 Diae

186 1117 291 1199 ccsis,
316 1139 390 1184 urm
413 1139 494 1184 curn
517 1114 677 1184 oscinibus
701 1113 783 1184 aliis
808 1114 977 1185 Donatus
999 1139 1023 1184 a
1046 1114 1270 1206 Reformatis
1300 1112 1510 1183 huiusmodi
1530 1111 1658 1182 Prouin-

186 1233 263 1301 ciae
287 1231 473 1318 ltalioiosis
495 1230 662 1321 [uirtutis
677 1237 712 1299 ct
726 1230 769 1298 dc
784 1238 897 1299 cataro
914 1230 1128 1319 falaritanae,
1144 1230 1257 1299 cidem
1275 1228 1493 1299 Provinciae
1506 1230 1659 1319 reforma·

189 1354 244 1416 tae
267 1347 303 1416 S.
329 1344 500 1437 Leopolcli
519 1345 739 1432 huiusmodi,
762 1370 842 1415 rum
866 1345 928 1415 laoc
954 1331 1088 1430 tarnaco,
1114 1353 1153 1413 ut
1176 1367 1287 1438 noque
1305 1345 1343 1412 in
1364 1342 1551 1436 Capitulis,
1572 1367 1660 1436 rupae

188 1463 226 1529 in
256 1461 588 1549 (locuncpatianilrus
617 1461 852 1531 Generalihus
886 1461 937 1531 ccl
957 1469 1065 1530 curro
1088 1484 1147 1530 eas
1169 1461 1359 1554 qumquam
1378 1461 1507 1552 quaeis
1530 1461 1662 1530 aucuri-

189 1584 259 1645 tutc
281 1577 447 1666 sicrrpcns,
470 1576 667 1668 quidquam
693 1585 767 1646 tarn
790 1578 889 1647 circa
912 1575 1063 1646 canadam
1098 1575 1344 1660 Prouinciam,
1368 1599 1477 1668 quarn
1504 1575 1599 1646 illins
1616 1576 1661 1645 do·

189 1714 261 1759 crans
283 1690 346 1759 stab
369 1690 517 1759 arbitrii
541 1691 672 1761 illustri
689 1694 816 1784 poenis
839 1693 1014 1776 alterare,
1039 1700 1104 1761 aut
1128 1692 1323 1762 claacncctare
1345 1691 1484 1776 calcat,
1507 1693 1624 1762 ciuitas
1638 1698 1665 1760 ct

189 1808 437 1899 incorporatos
460 1830 531 1877 esse
546 1816 580 1876 at
594 1812 695 1899 foro,
719 1809 836 1901 sc'cque
852 1808 894 1877 ab
910 1808 1071 1877 orctnchus
1094 1808 1242 1892 recasuri,
1258 1819 1290 1877 ct
1315 1809 1367 1877 itu
1376 1829 1447 1900 per
1462 1828 1665 1901 quoscunque

189 1923 323 1992 c'cuic'ccs
345 1930 408 1993 etc.
433 1947 504 1993 uon
527 1923 743 1994 obstantibus
764 1933 825 1994 otc.

278 2039 361 2109 Dat.
387 2039 522 2110 Rorauca
546 2039 647 2132 apud
669 2040 704 2110 S.
729 2039 894 2110 Mariana
916 2040 1096 2110 cliaiorenc
1129 2038 1192 2109 sub
1216 2038 1348 2109 annulo
1372 2036 1592 2124 Piscatoris,
1621 2037 1667 2106 au

193 2155 255 2224 15.
280 2154 515 2240 Iulii1630,
540 2154 781 2247 Pontificatus
805 2154 937 2225 Nostri
957 2179 1051 2225 nocco
1074 2155 1234 2247 septimo.

275 2386 329 2456 :aa
355 2387 528 2457 Gustavos
551 2386 739 2479 Adelphos
765 2387 952 2457 Succorum
976 2386 1063 2474 Rex,
1088 2387 1146 2478 qui
1182 2407 1236 2456 an.
1273 2385 1358 2456 16311
1380 2386 1562 2477 prologum
1590 2385 1669 2456 Belli

190 2503 320 2572 Suecici
346 2502 570 2572 Germaniam
595 2502 773 2572 acerrimis
797 2503 878 2572 satis
914 2502 1129 2590 involventis,
1146 2502 1374 2594 produxerat,
1401 2524 1455 2572 an.
1489 2501 1579 2572 16324
1598 2503 1673 2573 Pro·

188 2618 322 2688 vinciae
347 2618 528 2711 Tyroleusi
553 2641 614 2710 pro
650 2619 813 2689 exercitio
848 2618 1037 2710 patientiae
1072 2626 1107 2687 et
1142 2618 1325 2688 charitatis
1358 2617 1501 2709 largum
1525 2642 1675 2711 campum

188 2735 333 2826 apceruit.
358 2734 469 2804 Priori
493 2756 594 2804 scena
619 2735 690 2805 lixa
714 2744 767 2805 est
791 2735 823 2803 io
849 2735 1023 2805 Conventa
1048 2734 1236 2820 Fiiessensi,
1262 2757 1284 2802 a
1309 2734 1450 2804 Suecico
1474 2735 1587 2806 milite
1610 2758 1677 2827 pro

192 2852 309 2921 lcaoato
332 2859 367 2920 et
402 2850 573 2943 expilat03
599 2852 775 2943 posteriori
800 2875 882 2921 vero
916 2851 1090 2922 occasione
1127 2849 1329 2922 Provinciae
1358 2851 1589 2923 Reformatae
1612 2852 1674 2922 Ba-

190 2969 326 3053 varioe‚
352 2992 373 3035 a
398 2968 517 3037 Samis
540 2991 687 3059 pressae.
713 2968 884 3038 llavarico
907 2968 1034 3038 circulo
1050 2992 1071 3036 a
1089 2967 1231 3038 Suecico
1247 2967 1358 3037 milite
1374 2989 1428 3036 an.
1446 2967 1678 3037 cit-inundato

192 3085 360 3153 rrtrcnrrosi
378 3083 521 3152 Fratres
537 3083 717 3174 praefatae
743 3084 953 3171 Provinciae,
979 3083 1131 3152 niaxime
1156 3082 1296 3168 Clerici,
1327 3082 1448 3171 lugam
1473 3093 1680 3174 capessentes

189 3199 323 3293 asylum
349 3199 382 3267 in
407 3199 589 3269 Provincia
613 3199 793 3290 Tyralensi
819 3199 1084 3290 quatesiverunt,
1108 3199 1142 3268 in
1167 3222 1209 3268 ea
1233 3201 1387 3268 fraterne
1403 3198 1551 3290 suscepti
1574 3206 1609 3268 et
1625 3220 1679 3267 nu·

190 3315 272 3384 triti.
297 3315 398 3385 Ultro
422 3314 485 3385 hos
509 3337 711 3385 numerosae
735 3315 904 3385 Moniales
928 3314 1106 3406 Seraphici
1130 3314 1278 3400 Ordinis
1296 3337 1340 3384 ex
1362 3313 1587 3384 Mouasteriis
1612 3313 1681 3385 Mo·

191 3431 393 3501 naconsihus
416 3431 450 3499 in
475 3432 611 3519 hoger,
648 3430 791 3500 Riedler
827 3439 862 3500 et
899 3430 1048 3501 Bittrich
1083 3430 1268 3523 profugae,
1293 3428 1399 3498 fidem
1422 3451 1520 3498 suam
1544 3428 1681 3500 coelesti

189 3569 310 3637 sponso
334 3548 377 3615 cle
400 3547 559 3617 castitate
584 3546 716 3617 illihate
740 3546 913 3616 servanda
930 3546 1050 3616 datam
1066 3545 1280 3631 finnatucae,
1297 3546 1331 3614 iu
1348 3545 1506 3638 Tyrolim
1523 3568 1559 3616 se
1576 3554 1682 3615 trans·

191 3661 358 3749 tulerunt,
386 3662 496 3732 llalao
521 3686 542 3732 a
566 3662 679 3751 Regio
704 3663 922 3734 Parthenone
947 3664 1102 3732 maxima
1124 3685 1200 3731 cum
1225 3663 1399 3732 charitate
1414 3671 1590 3755 exceptae,
1608 3685 1683 3754 par-

191 3780 249 3846 thn
277 3777 310 3846 in
335 3800 413 3847 arce
437 3778 649 3865 Thurnseld‚
675 3778 800 3871 partim
826 3778 907 3848 alihi
933 3777 1075 3863 locatae,
1096 3800 1137 3846 ac
1154 3777 1298 3868 longiori
1323 3784 1476 3868 ternpore
1492 3775 1537 3844 ab
1562 3775 1682 3846 Archi-

190 3893 275 3962 ‹luca
299 3893 488 3985 lropohlo,
512 3895 624 3983 Reuio
649 3896 868 3964 Parthenone
892 3903 927 3964 et
951 3893 1029 3964 aliis
1052 3893 1204 3985 personis
1228 3892 1421 3962 necessaria
1444 3913 1505 3983 pro
1527 3914 1591 3961 sua
1613 3913 1684 3962 sus·

192 4010 378 4080 tentatione
402 4010 559 4102 adeptae.
590 4012 625 4080 ln
660 4010 814 4082 Carnutis
836 4010 1067 4080 Generalihus
1102 4008 1288 4092 Toletanis,
1325 4029 1380 4077 an.
1418 4004 1505 4077 1633
1537 4006 1679 4091 coacta,

190 4125 344 4205 decreto,
370 4126 459 4218 qam
486 4126 609 4212 trullus,
635 4126 698 4198 uisi
725 4126 930 4212 Nationalis,
955 4125 1065 4196 idest
1096 4148 1138 4194 ex
1164 4123 1355 4194 Germania
1381 4122 1547 4214 superiori
1571 4122 1684 4192 orican-

190 4241 262 4325 cluS,
291 4241 505 4311 Provinciam
531 4242 756 4333 Tyrolensem
783 4241 955 4311 moderari
981 4241 1111 4326 valeat,
1131 4263 1171 4310 ac
1188 4240 1286 4309 istius
1311 4237 1518 4329 exemptioni
1542 4261 1564 4306 a
1588 4238 1685 4307 Com·

193 4357 346 4427 missario
362 4357 522 4427 Grcrorali
549 4358 756 4428 tlorcnaniae
778 4359 978 4450 superaris,
997 4357 1064 4428 ianr
1084 4369 1186 4426 antea
1202 4376 1394 4436 concessae,
1414 4353 1517 4424 rolnir
1533 4352 1684 4439 accessit,

190 4480 226 4541 et
248 4495 310 4561 pro
333 4473 405 4542 eicis
429 4474 594 4543 atrocitate
618 4484 785 4544 statutum
813 4474 895 4560 luit,
921 4487 958 4543 ut
984 4473 1184 4543 Provinciae
1220 4471 1249 4541 T
1251 4470 1401 4562 yrolensi
1434 4478 1470 4537 et
1492 4468 1686 4538 Bavaricae

191 4588 347 4679 specialis
370 4588 649 4674 Pocncnissarius,
676 4590 706 4658 in
731 4589 901 4659 alterutra
926 4590 1093 4672 ursicinus,
1119 4587 1351 4680 praeficiatur.
1376 4585 1504 4654 Munus
1528 4583 1592 4654 hoc
1616 4584 1686 4653 Au·

108 4716 127 4741 ⁸
190 4704 347 4792 gostinus
371 4705 618 4797 MondalphuS,
645 4705 849 4775 Provinciae
874 4706 1054 4777 hlarchiae
1078 4705 1256 4787 alcinous,
1282 4703 1326 4774 ab
1350 4701 1491 4771 Urbano
1514 4699 1604 4769 Vlll.
1629 4698 1686 4768 de·

191 4827 350 4909 pactatus,
375 4820 488 4891 subiit.
513 4822 550 4890 ln
575 4822 729 4891 Comitiis
755 4821 1046 4908 l‘roviocialihus,
1083 4843 1161 4891 acici.
1201 4819 1287 4891 1635
1309 4816 1503 4902 celebratis,
1538 4814 1686 4886 maiores

194 4936 396 5007 Provinciae
419 4937 462 5006 oh
486 4938 640 5007 maxima
664 4938 897 5022 incommoda,
921 4939 966 5008 culs
992 4937 1144 5009 hostibus
1167 4960 1208 5007 ac
1228 4934 1368 5006 aliunde
1392 4933 1427 5002 in
1463 4938 1542 5001 actu
1567 4930 1685 5000 visita·

192 5053 293 5122 tionis
316 5051 509 5137 calaviantia,
536 5074 595 5122 nec
621 5075 683 5124 non
708 5053 797 5124 alias
830 5077 958 5143 pravos
988 5076 1112 5125 causas
1135 5052 1339 5138 Decretum,
1364 5050 1407 5119 de
1430 5046 1584 5119 omnibus
1614 5045 1687 5116 Mo·

192 5167 353 5237 nasteriis
377 5167 630 5237 Tortiariarurn
657 5169 689 5237 in
715 5170 842 5239 stro-ia
866 5171 956 5247 sitis,
984 5167 1291 5239 llevvorooclissicnis
1314 5164 1506 5236 ilalinarlis
1522 5163 1685 5232 Constan-

193 5283 292 5352 tiensi
316 5305 357 5351 ac
382 5286 586 5369 hagustano
611 5283 842 5372 resignandis,
871 5288 1074 5357 lhrmarunt.
1102 5285 1173 5355 lloc
1199 5285 1231 5352 in
1269 5282 1484 5357 hlcurasteriis
1514 5280 1687 5350 Dioecesis
