3766 6090
324 376 371 448 22
973 396 1175 447 cnsomcos

327 521 624 590 introductionem
645 519 854 589 huiusmodi
876 518 1163 610 Resornnationis
1197 520 1421 612 Apostolicac
1449 520 1749 611 Gaufimnationis
1773 545 1822 592 ro

325 637 407 706 bore
429 635 656 720 comniuniri,
681 659 722 705 ac
748 635 786 704 in
809 634 904 705 dicto
932 633 1112 706 Gemitatu
1136 659 1250 705 innam
1272 636 1468 706 eorundem
1488 636 1674 707 Fratrum
1698 638 1824 727 lietbr-

326 760 526 836 matorum,
553 751 877 820 Discalceotorum¹
905 749 1137 820 Prouinciam
1154 774 1225 844 per
1249 751 1323 822 Nos
1357 753 1455 842 eripi
1485 776 1715 845 suinrnopcrc
1738 754 1825 823 desi·

325 869 453 937 ‹lmeut
472 876 509 937 et
529 868 579 938 ad
591 867 655 938 boc
670 867 793 936 dilecti
813 866 889 958 filii
908 867 1160 937 Gomnn'ssurii
1184 867 1371 938 Generalis
1385 868 1566 940 dictorum
1583 868 1769 940 Fratrum
1786 871 1827 939 dr

330 983 559 1054 Obseruantia
582 1005 772 1074 cupressus
795 981 941 1052 accedat
963 1005 1132 1053 assensus.
1151 983 1226 1053 Nos
1241 983 1343 1074 felici
1356 984 1552 1054 eorundem
1567 985 1693 1070 statui,
1717 1011 1827 1080 qiion·

327 1108 403 1168 tum
426 1123 507 1169 cum
531 1098 683 1168 Donn'no
714 1120 902 1190 possumus
936 1099 1137 1179 consulere,
1162 1099 1306 1192 illosque
1339 1100 1552 1191 specialibus
1578 1101 1774 1191 fauoribus
1794 1112 1828 1171 et

322 1216 455 1305 pretiis
472 1214 647 1308 prosunt
667 1213 817 1284 colentes
839 1222 1013 1284 eteorum
1029 1215 1229 1303 si‘umclares
1250 1238 1421 1307 personas
1445 1240 1468 1286 a
1482 1216 1666 1310 quibusvis
1689 1240 1829 1287 excom·

327 1330 602 1415 insiriicationis,
636 1331 875 1423 suspensionis
898 1337 962 1400 etc.
998 1329 1212 1400 absolventes
1246 1339 1310 1401 etc.
1345 1331 1668 1423 supplicationibus
1703 1356 1830 1402 eorum

325 1448 470 1516 uoiitiue
499 1445 611 1516 Nobis
633 1446 826 1538 superbos
849 1447 1038 1516 humiliter
1055 1449 1235 1539 porrectis
1260 1447 1434 1532 inclinati,
1457 1448 1501 1517 dc
1532 1447 1615 1520 Ven.
1641 1449 1829 1519 Fratrum.

327 1562 547 1631 Nostrorum
563 1561 599 1632 S.
625 1562 668 1631 R.
693 1562 736 1631 Ε.
759 1561 1013 1632 Cardinalium
1035 1585 1145 1655 super
1168 1564 1315 1650 iieootiis
1332 1563 1571 1652 Reonlarium
1598 1563 1829 1656 Praeposito·

325 1700 410 1746 rina
421 1677 577 1761 consili'o,
590 1678 865 1769 acceptationem
876 1686 913 1745 ot
924 1677 1224 1748 introductionem
1237 1678 1522 1770 Reforrnationis
1530 1702 1597 1771 per
1609 1679 1723 1749 dictos
1737 1679 1832 1751 Fra·

328 1801 411 1878 tres,
428 1801 470 1863 ut
478 1795 707 1886 praefertur,
731 1795 881 1884 factam,
899 1794 1102 1886 Apostolicu
1125 1797 1342 1865 aiectmn‘tute
1367 1803 1486 1865 tenore
1496 1797 1752 1887 praesentium
1770 1820 1832 1888 ap

320 1910 518 2001 probamus
532 1917 568 1977 et
582 1911 853 2000 confirmamus,
872 1909 1011 2003 illisque
1036 1910 1251 1980 inviolabilis
1266 1911 1487 2003 Apostolicac
1502 1912 1699 2003 firmitatis
1715 1912 1832 1981 robur

327 2025 530 2095 aeliicimus.
566 2023 764 2094 Praeterea
798 2025 934 2094 Domus
969 2032 1004 2092 et
1037 2023 1133 2094 Loca
1167 2026 1354 2113 ireoidaiiu
1382 2048 1611 2120 quaecunque
1630 2026 1833 2097 eorundem

328 2139 506 2210 Fratrum
523 2141 560 2209 in
574 2140 666 2210 (lecto
690 2140 867 2211 Gomitotu
890 2142 1095 2226 eristeutio,
1114 2143 1152 2210 iu
1169 2142 1404 2213 Proin‘nciom
1433 2144 1579 2215 Ordinis
1602 2145 1768 2216 eiusdem
1795 2149 1832 2216 S.

328 2255 522 2329 Francisci
553 2255 873 2347 Refmntatorum,
907 2257 1211 2329 Discalceatorum
1253 2259 1398 2352 Tprolis
1431 2260 1468 2331 S.
1493 2260 1668 2355 Leopoldi
1689 2286 1833 2333 nuncu·

326 2372 498 2463 pandam,
514 2395 605 2465 quiae
619 2374 836 2464 reseranda,
852 2381 886 2443 ct
902 2373 986 2442 aliis
1007 2374 1202 2444 cornui-dem
1220 2375 1401 2445 Fratrum
1416 2377 1721 2468 Reformatorem
1747 2379 1833 2449 Dis-

326 2488 566 2559 colceotorum
596 2501 884 2580 nuncupatorum
919 2487 1123 2560 Provinciis
1152 2490 1357 2582 Reomrriim
1395 2490 1592 2585 Hispaniae
1614 2496 1833 2585 con-formis,

326 2612 363 2672 et
384 2605 433 2674 od
453 2604 602 2674 illarum
626 2605 759 2688 instar,
795 2628 856 2674 nec
891 2628 961 2674 uon
995 2605 1059 2674 sub
1082 2607 1306 2677 onunimodue
1330 2607 1496 2678 Ministri
1519 2609 1710 2680 Generalis
1742 2610 1837 2680 dicti

332 2720 491 2806 Ordinis,
515 2746 557 2791 ac
580 2744 618 2790 co
643 2719 773 2790 Italiae
796 2720 967 2792 Notion-is
998 2730 1032 2790 et
1053 2729 1162 2791 entra
1198 2723 1348 2793 Italiam
1370 2725 1545 2794 enistentc
1566 2726 1642 2794 eius
1685 2724 1720 2792 1⁷
1719 2727 1836 2795 i'carii

331 2836 529 2921 Generalis,
553 2861 615 2906 uec
639 2860 709 2906 nou
732 2838 842 2906 ctiam
872 2837 1015 2907 Vicarii
1039 2837 1225 2908 Generalis
1250 2839 1520 2911 innftaBullam
1544 2840 1694 2910 Ueiouis
1709 2841 1832 2927 electi,

327 2976 398 3023 non
422 2960 543 3023 autem
572 2952 911 3023 Gonnuusuriorum
930 2952 1162 3023 Gen-eralium
1186 2954 1343 3023 eiusdem
1365 2955 1514 3025 Ordinis
1536 2963 1571 3025 et
1596 2955 1833 3043 Remorum,

326 3092 388 3138 uec
421 3069 609 3159 inferioris
640 3069 694 3138 ccl
716 3069 914 3161 superioris
941 3068 1181 3141 Germaniae:
1208 3070 1259 3140 ita
1283 3070 1378 3162 quod
1398 3072 1569 3142 Minister
1586 3096 1627 3142 oc
1659 3072 1833 3143 l·''icorius

327 3193 362 3253 et
390 3184 662 3255 Conmn'sserius
683 3183 871 3254 Generalis
881 3186 1055 3276 praefati
1078 3186 1184 3254 iuncto
1207 3185 1352 3255 Bidlain
1374 3186 1582 3256 ludusmodi
1595 3186 1708 3271 electi,
1728 3189 1832 3257 illurn

327 3300 497 3369 nonnisi
511 3322 640 3391 perse
664 3300 769 3392 ipsos,
794 3308 862 3369 aut
888 3300 1154 3371 l'omnn'ssarios
1182 3301 1332 3371 Ordinis
1355 3300 1654 3393 Rctbrniatoriun
1676 3303 1834 3394 praedi-

327 3423 466 3484 ctorum
491 3416 641 3484 uisitare
667 3415 829 3499 ualeant,
846 3415 1108 3500 tmtsm‘cu'om,
1125 3418 1343 3486 auctoritati
1354 3424 1391 3487 et
1404 3419 1666 3510 superioritati,
1682 3419 1833 3511 ciuspie

329 3529 480 3601 Fratres
498 3532 604 3599 innota
619 3530 879 3601 declarationes
902 3531 961 3622 fel.
985 3554 1053 3602 rec.
1079 3532 1225 3602 Nicoloi
1248 3533 1321 3603 HI.
1345 3542 1382 3603 et
1409 3533 1598 3604 Clementis
1627 3533 1667 3604 V.
1692 3534 1832 3605 Roma-

328 3670 458 3715 uorum
482 3645 702 3737 Pontificum
727 3646 1046 3717 Praedecessorum
1070 3649 1289 3719 Nostrorum
1306 3651 1425 3718 oi'ecrc
1440 3649 1600 3734 debeant,
1616 3657 1652 3718 et
1666 3675 1750 3720 cum
1766 3651 1832 3721 boc

327 3763 437 3831 etiiun
459 3761 554 3854 quod
576 3785 624 3831 en
646 3786 740 3830 nicene
764 3762 932 3833 stennon·
967 3763 1209 3834 Prouincialis
1244 3765 1459 3836 Prorinciac
1490 3766 1726 3855 Resorniatae
1756 3766 1832 3860 Ty-

329 3878 414 3947 rolis
438 3880 474 3947 S.
500 3877 674 3970 Leopoldi
695 3877 905 3949 lniiusmodi
924 3903 1064 3949 insinuem
1089 3881 1386 3965 iiun'sdictioncm,
1410 3882 1624 3973 fctcidtatcm
1645 3889 1680 3950 et
1707 3893 1833 3953 (eiecto-

330 3994 477 4063 ritotem
500 4002 573 4062 tion
601 3995 638 4061 in
663 3993 819 4064 Fratres
847 3995 994 4064 Ordinis
1011 3996 1198 4088 pnrmdicti
1217 3997 1290 4066 sibi
1310 3997 1488 4082 subditos,
1511 4021 1620 4091 quam
1643 3997 1745 4066 citra
1769 4022 1833 4067 ηο-

332 4133 459 4179 rerum
483 4110 672 4178 rslrrmorum
695 4110 853 4179 ciusdem
870 4112 1036 4180 instituti
1056 4112 1091 4179 in
1117 4112 1241 4182 eadem
1265 4112 1462 4182 Proin'ncia
1485 4112 1737 4204 inundationem
1768 4137 1833 4184 scu

328 4225 539 4293 erectionem
572 4233 638 4294 aut
660 4212 969 4316 aeelt'ficattonein,'
986 4250 1046 4295 uec
1070 4250 1137 4295 uon
1159 4229 1258 4296 circa
1275 4227 1451 4312 Neritias,
1469 4227 1615 4320 aliaque
1632 4228 1667 4294 in
1694 4227 1832 4299 litteris

329 4341 540 4433 Apostolicis
563 4341 623 4431 sel.
648 4365 716 4411 rec.
746 4342 919 4431 (leonorii
931 4341 1045 4412 XIII.
1061 4344 1173 4412 etiam
1198 4342 1487 4412 Praeleccssoris
1504 4343 1636 4412 Nostri
1648 4351 1831 4431 contente,

323 4464 439 4547 prout
460 4457 530 4527 ulii
546 4457 708 4526 Ministri
727 4457 971 4527 Prom‘nciules
986 4459 1145 4528 alicunuu
1164 4459 1446 4529 I'rooinciarum
1465 4458 1645 4530 Fratrum
1667 4461 1831 4531 eiusdem.

334 4574 478 4642 (ti-itinn
503 4573 799 4664 Iteftrrmulmnnn
824 4574 1126 4646 Discalcecttorum
1149 4585 1454 4668 nimcuputorum,
1472 4578 1507 4644 in
1527 4576 1688 4646 (sirenibus
1711 4586 1746 4645 et
1757 4601 1833 4670 per

328 4691 450 4759 ensinio
473 4689 610 4774 babent,
628 4715 669 4758 nc
688 4698 760 4760 ticin
786 4692 866 4783 ipsi,
889 4715 998 4784 quem
1022 4691 1249 4780 sinoulnrum
1265 4692 1453 4762 iloiiiorum
1468 4693 1586 4762 dictae
1610 4692 1833 4764 Prostnm'ae

328 4893 594 4905 ————--

435 5009 442 5042 ¹
464 5011 597 5061 Vocantur
616 5010 663 5073 im;
683 5009 743 5075 iptio
763 5022 794 5060 cx
813 5023 863 5059 uon
884 5015 956 5073 pirric
975 5008 1074 5075 aliquid
1093 5008 1126 5060 dc
1147 5010 1337 5061 {insomnium
1356 5010 1573 5063 Disudccatorum
1599 5012 1773 5076 municipatim
1794 5027 1829 5064 cs

328 5107 405 5158 attens
426 5122 497 5170 vrso,
518 5109 577 5173 quin
599 5108 712 5171 promtis
731 5120 832 5158 morsm
851 5104 978 5170 gercbsmt
997 5107 1115 5158 ministris
1135 5106 1347 5172 provincialibus,
1367 5109 1402 5160 uti
1423 5109 1572 5160 Discntcmni
1586 5107 1726 5171 tttspnnici.
1749 5109 1824 5162 lstnd

327 5221 368 5256 nn.
393 5206 456 5255 {62⁸2
486 5206 571 5256 locum
592 5219 641 5255 oon
662 5202 774 5256 tnibnbnt
793 5206 817 5255 in
839 5205 993 5256 lictormntis
1013 5205 1103 5268 tustino,
1124 5212 1168 5257 nul
1187 5206 1337 5258 llccottrctis
1358 5206 1503 5271 Hispaniae,
1524 5213 1614 5270 inimic
1629 5207 1749 5257 ¹ministris
1763 5209 1826 5263 l‘ro·

327 5301 483 5354 x‘iocinlibus
501 5301 534 5353 de
553 5286 722 5354 Observantur
742 5301 903 5367 perientibus,
