3750 6082
454 336 621 387 euovmc.
645 335 773 385 riuos.
797 337 851 387 ss.
875 337 1002 387 mucii.
1024 337 1157 387 usion.
1523 319 1564 391 17

59 456 168 527 bonas
189 457 476 543 cousuetmiines,
493 482 583 552 qnos
607 459 682 529 illic
705 483 728 528 a
744 459 917 529 Romanis
940 459 1226 552 Imperatoribus
1242 482 1283 530 oe
1306 459 1477 550 Reoibus,
1493 463 1564 531 Ar·

57 574 243 645 ciducibiis
260 576 465 645 Austriacis
481 601 523 645 ac
542 575 734 647 Comitibiis
757 576 938 669 Tyroleos,
952 577 1098 648 Nostris
1112 576 1456 661 Praedocessoribus,
1470 579 1562 649 iusto

58 691 159 760 niodo
182 690 429 777 obtinuerunt,
453 694 676 784 confirmare
699 717 740 762 ac
756 691 930 763 roborare
948 695 1107 783 pretiose
1122 693 1371 782 eliquaremur.
1398 694 1490 780 Nos,
1508 704 1562 766 at-

59 806 239 875 temleiiies
259 806 324 877 luis
346 808 497 877 luimiles
514 830 655 901 preces,
680 808 892 879 ordinatum
915 810 1073 901 officium
1096 809 1259 878 dicimini
1284 810 1322 879 in
1349 811 1468 880 eodem
1497 814 1563 880 (lr-

56 920 142 992 dine
164 930 202 991 et
221 923 327 993 di'ctis
349 924 520 995 coenobiis
535 924 655 994 deaote
677 924 738 993 die
760 950 802 995 ac
818 934 918 996 nocie
936 925 1159 1019 persolutum
1175 933 1211 995 et
1226 949 1351 1018 preces
1372 927 1410 995 iii
1433 927 1563 997 bomon
1656 974 1660 980 -

58 1044 335 1124 antecessorum,
358 1038 490 1110 Nostri
503 1064 545 1110 oc
558 1047 787 1132 posterorum
809 1043 929 1132 susas,
953 1066 1127 1135 querum,
1151 1051 1193 1111 ut
1216 1043 1448 1135 confidimus,
1472 1067 1563 1137 par-

58 1155 184 1249 ticipes
207 1157 410 1242 evadimus,
439 1159 561 1227 auimo
588 1158 797 1243 deliberato,
834 1167 978 1229 inoiiiro
1014 1159 1158 1229 consilio
1193 1167 1229 1228 et
1252 1160 1417 1251 perfecte
1454 1162 1564 1230 scieu-

59 1271 134 1356 tia,
165 1273 392 1364 praeprimis
425 1273 463 1341 iu
493 1273 663 1343 lio-norem
696 1274 767 1343 Du·
787 1298 828 1345 ac
859 1274 993 1345 Matris
1024 1276 1101 1345 eius
1125 1275 1166 1345 B.
1203 1274 1242 1345 V.
1271 1275 1434 1361 Mariae,
1466 1300 1563 1347 cino·

56 1408 139 1457 reni
162 1388 198 1458 S.
238 1387 455 1479 Confessoris
478 1398 513 1457 et
546 1388 672 1459 Patris
696 1388 888 1461 Francisci
916 1391 1039 1462 omnia
1065 1392 1279 1483 pri'oi'tenia,
1310 1392 1563 1484 fundationes,

58 1505 323 1599 eleemosynas,
343 1506 486 1596 pretias
520 1514 558 1575 et
585 1507 783 1592 libertates,
809 1507 965 1593 litteras,
997 1507 1104 1577 bonas
1134 1508 1423 1592 eonsuetudines,
1452 1508 1564 1577 abiis

59 1622 154 1693 iuste
176 1622 371 1716 acquisitas
398 1631 432 1692 et
454 1630 700 1707 conservatas,
724 1622 843 1714 quood
863 1624 983 1693 omnio
1006 1631 1040 1691 et
1062 1623 1203 1713 si'uaiila
1235 1623 1356 1708 uerba,
1380 1623 1563 1708 orti'rulos,

55 1747 207 1830 puncto,
231 1746 416 1823 contenta,
439 1760 560 1808 sensus
593 1746 629 1807 et
650 1739 893 1824 eorteiisi‘ones,
917 1764 959 1809 oc
992 1740 1028 1809 si
1047 1739 1130 1808 linio
1164 1739 1356 1831 diplomati
1381 1739 1426 1809 de
1460 1739 1563 1809 aerbo

58 1854 112 1923 ad
140 1854 288 1925 verbani
313 1856 469 1925 insertae
492 1861 621 1938 esseni,
652 1856 910 1945 confirmanius
941 1862 977 1923 et
1001 1853 1217 1939 stabilimus,
1239 1855 1461 1946 pn’oesertim
1485 1855 1564 1946 pni-

60 1972 233 2065 ai'leoium
269 1997 291 2042 a
325 1971 560 2042 Fordi‘nondo
592 1970 622 2042 i.
652 1970 802 2041 Caesare
828 1994 1048 2055 concessum,
1084 1969 1239 2040 Fratres
1268 1971 1451 2055 eui'iueus,
1470 1977 1565 2061 puta

58 2088 166 2172 vino,
190 2087 284 2173 sale,
316 2087 421 2177 lionis
444 2094 481 2156 et
510 2087 591 2156 aliis
614 2085 738 2167 rebus,
761 2087 836 2156 sice
853 2108 924 2178 per
950 2094 1112 2170 terram,
1134 2085 1209 2156 siue
1229 2108 1296 2177 pin·
1320 2110 1453 2180 aquam
1475 2089 1564 2177 affe-

59 2212 223 2288 rantur,
249 2203 286 2271 in
314 2202 452 2272 teloniis
482 2202 576 2270 nilu'i
596 2202 730 2273 solorre
754 2209 953 2271 teneantur.
976 2201 1206 2291 Iiiduloemus
1228 2225 1386 2295 quoque,
1411 2209 1453 2270 ut
1474 2200 1564 2271 bona

63 2317 267 2391 immobilia
302 2327 337 2387 et
373 2316 588 2402 immobilia,
624 2318 847 2388 Monosterio
878 2317 1094 2388 Bulsoneusi
1124 2322 1326 2409 reformato
1355 2340 1499 2387 anaema
1530 2326 1564 2386 et

57 2437 149 2505 usai
170 2434 352 2505 Fratrum
378 2416 449 2504 noa
473 2434 630 2525 amplius
653 2434 861 2518 seruientia,
878 2457 950 2526 per
972 2435 1104 2504 onii'cos
1126 2433 1345 2527 spiritualer,
1369 2435 1564 2525 contermi-

58 2560 118 2621 ter
141 2551 192 2621 ad
204 2550 467 2643 dispositionem
494 2550 683 2620 aSunnmi
700 2550 788 2619 Sede
803 2552 942 2642 foetam
964 2550 1115 2620 pendae
1130 2557 1165 2619 et
1182 2550 1429 2641 pretiumque
1452 2573 1564 2619 neces·

55 2665 228 2737 sitatibus
243 2666 496 2760 spiritualibus
512 2688 584 2759 per
599 2665 744 2735 modum
759 2666 996 2758 eleemosynae
1020 2664 1204 2758 applicare
1218 2666 1359 2757 possint
1380 2674 1414 2735 et
1445 2673 1564 2734 actum

56 2782 292 2867 repetitionis,
313 2783 389 2852 sire
421 2782 457 2850 in
482 2783 553 2852 sire
568 2789 679 2851 outre
705 2782 880 2852 iudicium
890 2782 1131 2874 producatur,
1148 2782 1309 2852 calidum
1329 2781 1562 2853 declaramus.

57 2898 105 2969 Si
117 2899 199 2991 quis
213 2897 437 2967 subditorum
454 2897 675 2968 Nostrorum
692 2898 742 2967 ad
755 2898 922 2968 bonorem
938 2897 1058 2967 Daiei
1077 2897 1249 2969 Caelitum
1275 2898 1435 2968 claustro
1459 2896 1565 2968 (linii-

56 3014 117 3083 iiis
133 3014 170 3082 S.
195 3011 390 3083 Francisei
408 3013 453 3081 de
468 3036 563 3105 uoco,
572 3014 732 3104 fundaro
752 3021 819 3083 aut
843 3021 1030 3084 eustruere
1051 3012 1260 3098 i‘utemleret,
1281 3013 1356 3098 lioc,
1380 3014 1563 3105 supposito

58 3130 282 3200 aiaton-itate
297 3128 506 3220 Pontificio,
523 3129 660 3200 Nostra
678 3130 810 3200 notitia
825 3153 867 3200 ac
882 3153 1061 3214 consensu,
1077 3130 1185 3199 salcis
1203 3129 1345 3199 iuribus
1360 3129 1506 3198 Nostris
1521 3153 1563 3198 oe

57 3246 221 3315 aliorum
238 3245 367 3330 licebit,
384 3245 517 3331 etNos,
530 3245 683 3316 (ictiialis
700 3248 823 3337 remon
829 3247 857 3316 is
875 3245 1050 3338 Princeps
1066 3270 1108 3316 oc
1133 3245 1253 3316 Coines
1275 3244 1456 3335 Tprolms,
1468 3245 1563 3315 Fra·

59 3361 206 3431 tresde
236 3360 471 3432 (lbseroauti'o
502 3360 652 3432 Ordinis
682 3362 917 3455 Nudipeduin
945 3386 1018 3432 una
1049 3386 1131 3432 cuni
1158 3363 1231 3432 suis
1268 3360 1450 3432 Coeiiobiis
1480 3370 1563 3431 actu

56 3478 267 3572 acquisitis,
292 3487 356 3548 ani
379 3477 422 3547 de
444 3479 573 3567 futuro
598 3478 841 3571 acquirendis,
865 3479 901 3546 iu
925 3477 1100 3547 Nostram
1120 3478 1301 3568 qratiam,
1312 3478 1562 3569 patrocinium

55 3603 97 3663 et
113 3595 371 3686 protectionem
386 3594 602 3685 recipimus,
628 3594 751 3664 omnia
778 3617 865 3686 erpa
888 3616 943 3664 eos
971 3595 1229 3684 confirmamus
1251 3600 1296 3679 et,
1321 3602 1361 3663 ut
1376 3593 1563 3683 sanioribus

55 3710 199 3779 collatis
222 3710 279 3779 uti
293 3710 452 3802 possint,
476 3709 709 3780 concedimus.
736 3709 798 3778 Ea
821 3711 1037 3779 anctoritate
1060 3709 1172 3780 Nobis
1194 3731 1257 3778 ccii
1280 3709 1436 3800 ieoioiii's
1452 3708 1563 3779 Priu-

56 3827 139 3919 eipi
158 3834 373 3919 competente
399 3833 436 3895 et
457 3826 593 3894 uirtute
609 3826 714 3895 istius
738 3825 945 3917 diplomatis
964 3826 1134 3895 sentimus
1160 3833 1198 3895 et
1221 3825 1398 3909 solenniis,
1423 3824 1565 3893 uidisti

61 3942 218 4013 Fratres
241 3944 276 4012 S.
294 3941 485 4012 Francisci
504 3943 542 4011 ia
568 3942 728 4033 allepatis
750 3941 883 4011 duobus
907 3941 1137 4011 Monosterii's
1161 3942 1198 4011 iii
1216 3949 1436 4033 peipetuum
1461 3941 1564 4009 tactis

62 4056 180 4127 Bullis
203 4056 409 4149 Papali'bus,
440 4054 634 4141 Caesareis,
660 4057 792 4147 Reoiis,
815 4065 850 4126 et
872 4056 1089 4149 Principum
1099 4056 1318 4149 prioi'leoi‘is,
1340 4056 1564 4148 sii-iidotiom‘-

58 4173 143 4255 bus,
165 4173 404 4264 eleoniospnis,
425 4174 573 4265 pretiis,
590 4173 826 4258 libertatibus,
843 4173 990 4259 litteris,
1006 4173 1103 4243 bonis
1118 4172 1431 4243 consiictudini'bus
1447 4173 1564 4266 quiete

59 4313 105 4360 ee
127 4289 205 4358 sine
229 4289 492 4382 impedimento,
510 4314 532 4360 a
548 4313 752 4383 quocunque
769 4289 947 4381 poiiendo,
964 4297 1018 4359 uti
1041 4297 1078 4359 et
1098 4289 1183 4380 frui
1198 4290 1340 4380 possint
1359 4297 1395 4358 ei
1417 4289 1563 4380 iusuper

58 4404 176 4493 (ilem
199 4412 252 4475 est
271 4405 316 4475 ile
339 4405 423 4476 aliis
444 4405 676 4476 Monasteri'is
704 4405 853 4475 Ordinis
875 4405 912 4475 S.
938 4404 1151 4494 Francisci)
1176 4428 1294 4475 onmes
1316 4406 1380 4475 lias
1400 4406 1562 4493 pretias,

57 4520 222 4605 bonores,
246 4520 455 4612 dionitates,
478 4520 661 4592 commoda
683 4528 720 4589 ei
742 4522 827 4591 iura
849 4521 997 4606 liabere,
1022 4524 1060 4591 iu
1084 4545 1188 4591 nsum
1204 4521 1378 4592 ileilucere
1401 4543 1443 4590 ac
1456 4519 1500 4589 ile
1517 4520 1563 4589 iis

56 4635 218 4723 (laudere
241 4646 388 4729 queant,
411 4637 488 4707 sine
512 4645 631 4707 tamen
649 4638 880 4730 praeiudicio
896 4638 1044 4722 Nostro,
1061 4637 1276 4729 Mapuaiuni
1293 4635 1512 4706 Nostrorum
1527 4645 1564 4705 et

59 4750 234 4821 aliorum.
259 4750 476 4821 Mandonius
493 4753 606 4844 proin
629 4754 722 4822 serio
745 4760 781 4821 et
801 4753 963 4843 firini'ter
993 4752 1155 4822 omuibus
1177 4761 1212 4822 et
1240 4751 1389 4842 siiipulis
1412 4749 1525 4820 Prae-l
1547 4788 1563 4802 ·

62 4867 121 4951 tis,
146 4865 345 4952 comitibus,
369 4866 575 4953 baronibus,
599 4868 767 4954 eloimms,
789 4869 978 4963 equitibus,
1001 4871 1137 4940 serois¹
1155 4869 1434 4953 centurionibus,
1458 4868 1563 4960 barp-

170 5146 179 5183 ¹
201 5147 228 5201 in
247 5149 420 5201 instrumento
438 5149 527 5202 Germ.
546 5147 686 5202 adhibitae
704 5151 830 5202 terminus
843 5150 952 5202 iinociu
972 5150 1152 5203 verosimilius
1170 5149 1259 5202 oiiuiiii
1278 5149 1311 5201 mi
1334 5163 1426 5201 servos
1444 5150 1561 5215 equilum

58 5253 106 5299 aui
124 5246 264 5313 militaris,
284 5245 355 5299 baud
373 5259 433 5300 raro
452 5246 662 5313 Kuigsiineciu
679 5252 795 5300 vocatos

1403 5363 1419 5413 i
