3750 6082
595 110 759 163 PROVINC.
782 111 912 163 TYROL.
936 112 990 164 FF.
1015 113 1139 164 bllNOR.
1163 114 1293 166 REFOR.

915 351 939 443 ς
964 350 1014 422 13.

486 530 714 670 Conventus
730 528 1027 693 'Kenzinganus
1054 584 1104 670 ad
1131 583 1170 672 S.
1199 585 1423 696 Iosephum.

300 831 366 903 121.
390 832 592 925 Kenzinga,
616 833 724 925 vulgo
749 832 974 923 Kenzz‘apca,
990 835 1113 906 civitas
1128 834 1348 927 Brisgoviae,
1367 837 1575 909 Austriacae
1598 838 1699 911 ditio·

233 946 271 1018 nir
286 971 320 1020 ac
341 949 514 1023 Dioecesis
537 950 824 1038 constantiensis,
848 949 872 1021 5
895 950 988 1022 horis
1010 951 1182 1044 Friburgo
1205 976 1246 1024 ac
1270 955 1411 1026 Brisaco
1428 978 1548 1026 versus
1565 962 1700 1048 septen·

232 1064 347 1139 trionem
372 1066 538 1139 deflectit.
563 1068 725 1140 Considet
749 1068 782 1138 in
807 1067 935 1156 insula,
961 1092 983 1139 a
1006 1068 1112 1140 fluvio
1136 1069 1217 1141 Elz¹
1235 1070 1348 1161 (alveo
1364 1071 1529 1164 primario
1545 1071 1700 1143 occiden-

229 1178 285 1253 lale
301 1182 389 1255 latus
411 1184 485 1256 eins
507 1184 679 1273 alluente,
697 1193 733 1256 et
749 1184 925 1255 brachiolo
942 1185 1114 1256 residuam
1132 1187 1367 1280 periplreriam
1388 1188 1699 1282 circumscribente)

227 1291 370 1387 immam,
394 1309 432 1371 et
454 1300 604 1395 primum
626 1322 726 1373 suum
751 1321 826 1371 esse
854 1300 1020 1372 adscribit
1049 1300 1252 1395 Rudolpho,
1286 1302 1409 1374 Comiti
1441 1303 1484 1375 de
1515 1304 1697 1396 isenburg,

221 1429 271 1482 an.
291 1413 369 1485 1249
391 1414 491 1487 initia
513 1415 588 1487 eius
612 1415 764 1487 fodienti.
788 1410 996 1509 Rudolphns
1017 1418 1051 1505 l.,
1069 1417 1305 1491 Romanorum
1322 1417 1418 1507 Rex,
1436 1419 1480 1489 ad
1498 1419 1697 1491 instantiam

217 1522 362 1603 Hemonis
384 1541 422 1603 et
445 1530 641 1625 Rndolphi,
666 1532 837 1603 Comitum
863 1533 907 1603 de
931 1534 1097 1627 isenburg
1122 1534 1290 1621 fratrum,
1308 1535 1485 1607 civitatem
1503 1536 1544 1607 iis
1559 1536 1698 1628 privile-

210 1642 291 1735 giis,
311 1647 433 1743 quibus
456 1647 668 1741 Fribnrgnm
692 1648 897 1742 Brisgoviae
930 1650 1073 1738 fruitur,
1105 1650 1234 1721 affecit.
1267 1651 1490 1739 Contractus,
1523 1673 1577 1722 an.
1613 1651 1699 1724 1369

206 1753 324 1851 luins,
348 1763 444 1836 illam
469 1764 621 1837 Ducibus
645 1765 826 1854 Austriae,
843 1765 942 1836 subin
961 1766 1197 1838 Archiducum
1214 1767 1417 1860 dignitatem
1436 1766 1588 1862 adeptis,
1604 1777 1699 1839 tran-

201 1878 350 1973 scripsit,
375 1880 546 1973 aquibus
569 1881 618 1952 uti
642 1890 677 1952 et
701 1882 969 1976 imperatoribus
993 1883 1091 1953 varia
1115 1883 1194 1954 exin
1211 1883 1331 1955 retulit
1347 1884 1542 1977 privilegia.
1559 1884 1697 1956 Bellum

198 1984 380 2067 Suecicum
404 2020 447 2069 ac
470 1996 643 2069 Gallicum
668 1996 762 2069 haud
788 1998 879 2069 levia
902 1999 1051 2086 civitati,
1084 2022 1106 2069 a
1137 1999 1279 2071 solertia
1311 2007 1346 2070 et
1379 2001 1469 2071 bona
1499 2001 1698 2073 oeconomia

195 2112 480 2201 commendatae,
505 2112 662 2185 inflixere
686 2114 840 2187 vulnera.
866 2115 1006 2185 Cultum
1030 2116 1184 2187 divinum
1209 2126 1410 2209 promovent
1435 2118 1553 2189 variae
1577 2117 1697 2189 Eccle-

193 2222 291 2315 siae,
313 2251 452 2324 nempe:
477 2231 513 2301 S.
537 2228 714 2301 Laurentii
739 2231 789 2302 M.
814 2232 1048 2320 ParochialiS,
1066 2233 1101 2304 S.
1119 2232 1249 2325 losephi
1268 2233 1427 2304 Coenobii
1449 2234 1693 2306 Franciscano·

194 2356 298 2431 rum,
321 2346 355 2417 S
379 2346 516 2417 Ioannis
538 2346 720 2439 Baptistae
735 2346 818 2418 olim
835 2346 1002 2437 Equitum
1019 2347 1267 2434 Melitensium,
1286 2348 1378 2419 intra
1393 2349 1570 2420 civitatem
1586 2350 1690 2439 sitae,

193 2470 351 2533 necnon
374 2462 410 2533 S.
435 2460 532 2533 Petri
555 2472 591 2532 et
616 2460 651 2532 S.
675 2462 815 2555 Georgii
839 2472 943 2533 extra
965 2486 1043 2533 eam
1076 2464 1274 2557 plantatae3
1307 2464 1418 2537 medio
1448 2464 1642 2557 quadrante
1675 2489 1698 2536 a

191 2564 337 2647 civitate
362 2599 482 2648 versus
504 2586 661 2650 austrum
685 2578 837 2650 occurrit
860 2580 1026 2672 inclytum
1051 2579 1281 2650 Parthenium
1306 2582 1622 2671 Wunenthalense,
1656 2585 1695 2655 B.

190 2670 250 2751 V·
269 2690 453 2765 Assumtae
476 2693 648 2780 dicatum,
677 2718 700 2765 a
717 2694 904 2766 Nobilibus
927 2694 1050 2789 puellis
1073 2718 1128 2767 an.
1158 2695 1243 2767 1230
1274 2697 1490 2785 inchoatum,
1516 2720 1538 2768 a
1565 2697 1697 2770 Rudol·

187 2791 268 2879 Pho
288 2819 324 2882 et
347 2809 518 2897 Hessone,
544 2810 735 2883 Comitibus
758 2812 1078 2904 lsenburgensibus,
1103 2813 1357 2901 continuatum,
1382 2819 1417 2884 et
1442 2813 1524 2885 ord.
1554 2814 1696 2888 Cisterc.
1769 2846 1772 2851 ·

191 2899 289 2995 ¹215
309 2936 546 3019 aggregatum
557 2928 580 2997 '.

289 3040 362 3113 122
387 3041 586 3135 Kenzinga,
611 3043 685 3114 vita
707 3043 901 3138 exemplari
924 3044 1230 3116 Franciscanorum
1258 3045 1360 3117 Pron
1385 3045 1504 3138 Tyrol.
1522 3046 1695 3137 animata,

182 3152 249 3219 ³¹¹·
280 3157 366 3231 1630
387 3158 445 3229 die
468 3158 523 3231 2⁷).
548 3159 722 3231 lanuarii³
746 3160 778 3229 in
803 3160 1044 3232 admissionem
1068 3185 1187 3234 eornm
1211 3162 1388 3250 convenit,
1417 3170 1452 3231 et
1483 3162 1614 3235 eodem.
1634 3163 1697 3234 ad-

180 3245 262 3338 huc
285 3296 376 3347 anno
398 3274 660 3363 Franciscanus,
686 3275 719 3346 in
743 3276 844 3347 domo
868 3275 1018 3368 quadam
1044 3277 1190 3364 locatoS,
1216 3277 1361 3370 excepit.
1387 3278 1586 3369 Capitulum
1611 3278 1695 3351 Pro·

181 3373 361 3481 vinciam,
386 3391 574 3485 Oeniponte
598 3415 653 3463 an.
677 3393 734 3463 cit.
759 3393 816 3464 die
840 3392 872 3465 5.
906 3394 995 3465 Nor.
1027 3402 1201 3481 coactum,
1235 3416 1358 3464 munus
1389 3394 1490 3487 primi
1521 3394 1695 3467 Praesidis

184 3480 300 3581 hllius
323 3532 432 3581 novae
457 3508 681 3580 Residentiae
704 3508 743 3579 P.
770 3508 918 3580 Pacifico
942 3510 1129 3600 Binninger
1154 3509 1382 3597 concredidit,
1408 3511 1462 3581 cui
1480 3533 1534 3582 an.
1555 3511 1635 3583 1631
1656 3512 1695 3583 Ρ.

180 3602 380 3697 Accursius
403 3626 559 3709 Hneber,
584 3625 641 3696 isti
666 3648 720 3697 an.
749 3624 835 3696 1637
861 3634 921 3695 aut
944 3649 1013 3717 seq.
1030 3626 1197 3696 Arscnius
1213 3625 1362 3696 Raitsclr
1380 3648 1594 3713 successere,
1612 3650 1696 3698 nna·

181 3738 274 3810 cum
295 3742 368 3813 suis
388 3741 537 3812 subditis
560 3741 697 3814 accolas
721 3750 757 3814 et
781 3741 911 3813 incolas
934 3742 1077 3834 copiosis
1099 3741 1284 3813 charitatis
1314 3742 1482 3834 obsequiis
1513 3744 1694 3836 prosecuti.

188 3830 290 3927 Sane
311 3857 404 3928 circa
426 3857 553 3950 primos
574 3880 682 3930 annos
705 3858 788 3927 belli
814 3857 946 3927 Suecici
970 3858 1113 3928 Fratres
1137 3856 1279 3948 quidam
1311 3858 1345 3927 in
1377 3858 1549 3950 Dynastia
1581 3858 1697 3928 1111111-

190 3946 354 4063 largensi
380 3974 622 4061 morabuntur,
647 3974 748 4046 uxori
766 3973 958 4044 catholicae
975 3974 1118 4043 alicuius
1133 3974 1301 4044 Officialis
1318 3972 1516 4061 belliducis,
1533 3974 1596 4044 sub
1614 3974 1696 4045 Sue·

199 4073 275 4159 tica
295 4111 419 4161 corona
441 4088 640 4178 militantis,
666 4113 730 4161 sua
753 4089 915 4181 obsequia
940 4090 1152 4179 deserentes,
1177 4096 1212 4160 et
1237 4090 1341 4159 simul
1366 4089 1588 4161 Perochialia
1617 4114 1691 4161 mu·

210 4312 465 4339 N.—

301 4452 310 4488 ¹
329 4451 499 4507 Continuator
510 4451 574 4507 Orb.
593 4453 702 4519 Serapb.
714 4455 817 4508 stolstrc
837 4468 898 4507 cum
911 4455 961 4506 boc
973 4452 1108 4506 contundit
1127 4453 1237 4505 lluvinm
1257 4452 1388 4518 Treisnnr,
1403 4458 1492 4517 utpote
1511 4458 1569 4503 ortu
1583 4455 1609 4503 et
1623 4451 1693 4503 lluru

216 4538 361 4619 illaturum,
379 4552 405 4603 in
424 4552 535 4604 tlurlum
555 4551 597 4603 Elz
615 4566 644 4605 se
662 4558 854 4605 excaecantem.

300 4650 444 4704 ‘llonurm
464 4653 534 4705 civit.
555 4652 681 4717 lienrlng.
702 4652 805 4704 tlonnst
827 4652 956 4705 Tenebnc.
977 4651 1038 4704 Ord.
1058 4652 1162 4705 Cisterc.
1178 4653 1252 4705 l‘rov.
1273 4651 1360 4716 Tyrol.
1375 4666 1406 4704 ac
1418 4650 1544 4705 Conrent
1565 4651 1691 4716 ticnzlng.

216 4738 360 4803 lonclsoen.
384 4746 457 4802 font
481 4746 544 4803 Orb.
569 4750 678 4816 Serapb.
703 4755 720 4802 t
746 4749 770 4802 5.
796 4764 822 4816 p.
843 4749 902 4803 351.
928 4752 1006 4802 Suev.
1032 4751 1127 4803 Ecclrs.
1152 4765 1178 4816 p.
1198 4749 1258 4802 907.
1284 4748 1379 4801 Cbron.
1404 4749 1480 4801 l‘rov.
1506 4747 1595 4813 Tyrol.
1620 4748 1694 4800 Fran·

213 4842 292 4899 mn.
310 4860 334 4913 p.
359 4845 417 4900 1117.

298 4943 433 4999 ¹Constat
457 4960 489 4999 ex
508 4946 589 4999 lltcrls
614 4944 648 4999 nd
675 4946 862 5000 ulciscerer.
887 4946 968 5012 detis,
993 4948 1018 4998 in
1045 4946 1178 5000 erorocon.
1198 4944 1279 4998 Conv.
1306 4943 1425 5009 Friburg.
1446 4948 1461 4996 t
1488 4944 1505 4995 1.
1524 4958 1550 5008 p.
1574 4944 1625 4995 3113
1644 4949 1692 4995 etc.

209 5045 336 5109 aeremia
