3766 6090
186 437 255 510 200
840 454 1031 507 cunoncon

185 582 390 668 cantorum,
415 602 476 651 nec
500 602 566 651 non
588 586 624 650 ct
647 579 726 650 aliis
751 578 866 672 poenis
889 601 931 649 ac
953 578 1105 649 censuris
1140 577 1397 650 Ecclesiastieis
1424 577 1611 673 prohibuit,
1626 604 1655 653 nc

186 699 328 769 Fratres
350 696 646 783 BernsteinenseS,
670 694 734 766 sub
756 694 948 766 obedientia
971 694 1186 787 propriorum
1204 693 1428 787 Superiorum
1451 693 1657 788 Regulariun

186 815 356 902 viventes,
381 836 424 884 ex
448 819 631 906 praetenso
654 812 728 882 iuro
751 810 1030 904 parochialitatis
1066 809 1137 883 ullo
1172 810 1273 883 modo
1308 810 1536 884 molestentur
1563 813 1660 883 autin

186 932 303 1023 quieta
326 930 533 1023 possessione
557 927 748 998 turbentur.
773 929 815 997 V.
841 927 1082 999 Definitorium
1107 950 1164 999 an.
1191 927 1280 999 1722
1300 935 1474 999 annulum
1509 951 1570 1021 pro
1598 928 1662 1001 resi·

186 1047 304 1119 dentia
328 1047 366 1116 P.
391 1044 599 1116 Confessarii
624 1043 715 1136 apud
732 1044 875 1115 Fratres
899 1042 1179 1115 Bernsteinenses
1193 1066 1257 1137 pro
1272 1065 1393 1117 eorum
1410 1044 1584 1139 spirituali
1599 1045 1664 1118 bono

186 1163 293 1235 dedit.
317 1165 413 1233 Intra
435 1183 489 1231 an.
518 1160 603 1231 tva-t
625 1172 660 1231 et
687 1160 773 1231 17:33
789 1183 914 1231 navum
932 1160 1200 1248 hlonasterium,
1217 1159 1439 1249 Oratorium,
1457 1182 1551 1234 nova
1572 1162 1663 1257 sepul

186 1288 268 1351 tura
291 1301 332 1349 ac
356 1277 513 1349 Ecclesia
537 1277 581 1346 acl
605 1298 704 1345 suurn
728 1299 802 1347 esse
826 1285 1059 1369 pervenerunt
1072 1280 1093 1346 ¹.

280 1394 352 1464 182.
377 1394 536 1464 Ecclesia
571 1392 735 1464 moderna
771 1393 805 1463 S.
841 1393 976 1464 Ioannis
999 1394 1111 1486 Bapt,
1147 1392 1415 1466 consecrationis
1447 1394 1606 1466 favorem
1627 1416 1665 1467 an

191 1512 276 1584 1733
299 1511 355 1581 die
381 1512 410 1583 l.
435 1512 584 1599 August.
609 1532 631 1579 a
656 1509 899 1581 lteverenrliss,
923 1509 966 1580 D.
991 1509 1176 1581 Franciseo
1210 1511 1337 1581 Ioanne
1359 1510 1404 1581 de
1428 1510 1666 1597 Sirehenstein,

190 1627 421 1719 Suffragaueo
445 1627 630 1711 Constant,
649 1624 821 1712 referens,
839 1626 1115 1697 anniversarium
1131 1627 1206 1698 eins
1222 1625 1417 1713 Dominica,
1433 1626 1666 1699 dedicationem

189 1744 363 1815 Ecclesiae
389 1741 680 1813 Portinneulanae
704 1741 909 1835 excipiente,
934 1742 1098 1813 celebrat.
1123 1741 1248 1813 Altare
1271 1743 1384 1813 maius
1408 1741 1444 1814 S.
1468 1744 1562 1815 loan.
1584 1744 1666 1838 Bapt

187 1859 425 1952 quotidianum
450 1857 670 1951 privilegium
694 1881 755 1949 pro
778 1857 950 1928 ‹lelrrnotis
971 1857 1141 1950 possidet;
1164 1881 1184 1929 e
1207 1880 1312 1930 cornu
1336 1857 1524 1950 Evangelii
1549 1860 1667 1930 Arall

188 1978 230 2046 V.
248 1975 385 2045 Mariae
401 1976 552 2060 Iznrnac,
569 1996 588 2043 e
606 1995 710 2044 cornu
728 1973 904 2065 Epistulae
922 1975 996 2044 Ara
1013 1974 1048 2044 S.
1066 1973 1203 2045 rlntenii
1220 1973 1383 2045 Patavini
1398 1974 1532 2047 obviat.
1555 1975 1670 2069 Crypta

189 2093 354 2162 Fratrnrn
371 2091 464 2160 inlra
481 2089 633 2160 Clrorum
658 2090 791 2160 dltaris
806 2091 929 2159 summi
947 2098 1073 2161 exstat.
1090 2090 1326 2161 conscientias
1340 2090 1507 2162 Fratrum
1525 2091 1565 2163 Ρ.
1581 2092 1674 2163 Fran

190 2208 344 2277 ciscanus
379 2206 547 2293 residens,
584 2206 818 2277 Conlessarius
851 2207 1062 2293 ordinarius,
1097 2214 1133 2277 et
1167 2206 1259 2278 alius
1292 2229 1355 2279 eeu
1385 2208 1686 2281 extraordinarius

191 2324 332 2394 statutis
355 2322 476 2393 diebus
499 2345 701 2410 accurrens,
726 2322 964 2413 moderantum
988 2325 1081 2415 prior
1105 2322 1160 2393 hic
1194 2323 1298 2393 certis
1326 2324 1438 2396 Festis
1460 2348 1481 2397 e
1510 2324 1698 2397 Cathetra

190 2439 292 2526 dicit,
317 2447 351 2509 et
375 2463 396 2509 a
420 2439 522 2510 Festo
544 2439 694 2510 omniurn
720 2440 925 2509 Sanctorum
950 2462 1055 2531 usqne
1079 2438 1124 2510 ad
1150 2439 1289 2511 Pascha
1310 2463 1373 2534 pro
1395 2440 1593 2513 domesticis
1613 2459 1710 2513 sae·

191 2556 367 2628 cularibus
402 2556 602 2627 catecheses
627 2556 741 2627 habet.
767 2555 966 2626 Claustrum
991 2555 1150 2627 incolitur
1174 2578 1196 2626 a
1224 2556 1264 2627 12
1286 2557 1426 2629 circiter
1448 2557 1646 2647 Fratribus,
1703 2565 1713 2604 ⁴

192 2673 263 2743 suis
287 2672 397 2756 bonis
422 2672 558 2741 dotibus
580 2695 621 2742 ac
658 2671 775 2742 labore
810 2692 975 2741 manuum
999 2694 1140 2743 suarum
1176 2670 1429 2761 victitantibus,
1455 2681 1491 2744 et
1522 2683 1713 2746 exactut

190 2788 344 2859 ordinem
368 2788 403 2856 in
427 2787 547 2858 Officio
570 2787 685 2859 divino
708 2796 744 2858 et
766 2787 844 2856 aliis
866 2787 999 2859 actibus
1022 2788 1291 2859 observantibus.
1328 2788 1397 2860 Via
1420 2789 1542 2869 Crucis
1563 2790 1613 2863 ab
1632 2802 1713 2862 a-

195 2903 282 2973 leet
305 2904 555 2995 frequentatur.
579 2903 739 2995 Sigillum
766 2912 866 2974 vetus
889 2904 1052 2997 exprimit
1074 2927 1211 2993 ursum,
1236 2905 1382 2976 brachia
1416 2928 1505 2998 erga
1527 2906 1712 2980 arbore-

192 3019 431 3090 extendentem
456 3020 598 3089 annexis
622 3019 675 3089 his
697 3020 831 3090 verbis:
856 3021 892 3089 ιδ’.
917 3019 1022 3090 Erat.
1048 3027 1127 3091 tert.
1168 3020 1315 3093 Ordinis
1336 3021 1373 3092 S.
1410 3020 1452 3092 P.
1489 3020 1713 3095 Fronct‘sc:

194 3137 232 3205 r'n
257 3135 464 3220 Baastez'a,
489 3157 614 3206 novum
638 3158 720 3206 vere
744 3135 778 3206 S.
803 3136 964 3207 loannem
988 3137 1090 3230 Bapt.
1115 3159 1287 3209 unacum
1310 3137 1440 3210 literis.
1472 3137 1509 3210 0.
1535 3138 1601 3211 B’.

917 3371 995 3459 ἐξ).

236 3600 521 3687 Monasterium
549 3600 807 3710 Ehinganum
834 3602 1123 3687 Tertianarum
1150 3603 1199 3727 ad
1228 3601 1266 3690 S.
1295 3602 1337 3688 Ρ.
1368 3603 1643 3693 Franciseum.

287 3855 357 3924 lat.
383 3856 493 3947 Prope
520 3855 655 3925 nroenia
679 3855 829 3926 civitatis
864 3856 1088 3948 Elringanae‚
1126 3857 1208 3949 Cap.
1240 3855 1665 3950 2.§10.expressae,i
1704 3846 1713 3857 ’

193 3978 308 4040 tractu
333 3971 591 4062 (troeeentlral,
617 3971 821 4062 quilnrsdarn
847 3971 1084 4063 Gloggentlral
1103 3980 1312 4065 nuncupato,
1334 3972 1563 4044 Parthenium
1589 3974 1713 4044 Serat

195 4087 330 4178 plrirurn
356 4088 476 4156 tertiae
501 4088 661 4176 Regulae
685 4089 853 4175 assurgit,
873 4087 939 4157 hac
955 4088 1132 4158 occasione
1149 4095 1278 4159 ortum.
1304 4089 1346 4158 D.
1364 4088 1545 4160 Conradus
1561 4089 1669 4162 Moll³
1692 4082 1713 4116 ¹

194 4207 339 4273 Senator
363 4204 474 4273 dietae
499 4204 667 4285 civitatis,
693 4227 753 4296 per
777 4205 965 4274 virtuosam
998 4204 1107 4274 vitam
1144 4205 1249 4274 trium
1275 4204 1502 4293 seminarum,
1529 4205 1713 4277 vicetiae

194 4320 315 4389 elenae
339 4320 493 4389 ltrnnnin
507 4324 528 4406 ⁴,
554 4320 789 4410 hlagdaleuae
814 4321 991 4412 hlushayn
1007 4328 1043 4390 et
1061 4324 1180 4390 rlnnae
1198 4320 1391 4410 Fechterin,
1409 4321 1443 4391 in
1460 4320 1554 4394 dicto
1577 4331 1713 4393 tractu·

193 4436 294 4505 iuxta
317 4459 414 4506 suam
440 4437 576 4507 (loreum
614 4437 821 4528 positarum,
859 4437 1015 4524 allectus,
1044 4438 1164 4507 iisdem
1200 4460 1289 4509 anuo
1329 4438 1415 4511 1395
1438 4438 1494 4508 die
1523 4439 1574 4511 te.
1600 4443 1713 4532 Auffi

195 4575 292 4622 stram
318 4552 479 4639 ‹tr-nenia,
507 4553 643 4623 bortum
669 4565 702 4623 et
728 4565 862 4646 pratum
889 4578 957 4625 una
992 4578 1069 4625 cum
1095 4554 1172 4625 aliis
1196 4557 1298 4626 robus
1332 4556 1562 4648 consignavit.
1588 4556 1670 4627 Illae
1691 4570 1713 4615 ἐ

193 4668 475 4740 hlonasteriolunr
500 4670 563 4740 sub
587 4670 713 4739 aara'lte
740 4672 844 4739 aare
871 4671 904 4740 S.
932 4672 969 4741 P.
997 4672 1025 4741 F
1027 4693 1118 4742 rane.
1149 4673 1359 4761 excitantes
1383 4695 1456 4744 sese
1482 4672 1713 4744 Provincia·-

198 4933 462 4941 ——.-—-

302 5075 308 5107 ¹
332 5074 444 5125 lleunun.
465 5075 531 5125 litat.
552 5072 646 5124 Chron.
667 5072 707 5122 eit.
728 5085 753 5136 p.
779 5070 825 5121 ras
845 5076 893 5123 ete.

301 5175 311 5208 ⁹
332 5174 443 5224 stertunt.
464 5174 505 5224 rit.
525 5172 619 5222 (ibren.
640 5172 681 5221 rit.
703 5186 727 5235 p.
753 5169 807 5221 183.

301 5271 499 5335 Nuntiabant:
521 5269 596 5320 Wotl.

302 5369 311 5404 ⁴
331 5369 400 5421 lustu
420 5368 568 5419 relationem
588 5368 650 5418 lttllti
670 5367 757 5420 datum
783 5365 891 5434 quidam
911 5372 1006 5419 vocarit
1025 5367 1132 5419 Bcimin.
