3750 6082
577 379 743 431 PRovruc.
766 381 896 432 TYROL.
921 382 977 432 FF.
1007 382 1133 434 MINOR.
1157 383 1289 434 RuroR.
1641 365 1683 436 61

185 502 288 590 tiam,
312 510 348 574 et
370 502 602 595 quorumdam
629 505 811 576 Sacrorum
845 528 907 598 pro
923 505 999 600 ipsa
1015 513 1050 576 et
1067 507 1140 578 viro
1156 529 1218 578 suo
1233 506 1442 578 litandorum
1467 507 1685 604 oblationem,

189 639 263 688 eam
290 619 479 690 Conventui
503 620 604 692 cessit
617 623 640 691 ¹.

272 734 329 806 54.
354 736 519 807 Sereniss.
545 735 694 806 Claudia
709 736 827 825 Felix,
843 737 1057 808 Ferdinanrli
1074 738 1189 810 Caroli
1207 762 1248 810 ac
1264 738 1385 809 Annae
1413 738 1567 810 Mediees
1588 740 1686 813 unica

186 860 356 944 superstes
379 851 513 939 Gnata,
536 875 591 923 an.
619 851 706 923 1673
728 853 783 924 die
806 853 839 924 5.
865 853 959 948 Sept.
983 853 1017 924 in
1046 853 1189 924 aedibus
1219 855 1471 946 Augustalibus
1504 878 1564 926 seu
1601 879 1687 926 novo

187 965 325 1039 Palatio
348 967 489 1039 solemni
514 969 584 1038 ritu
609 991 733 1061 sponsa
756 968 921 1063 Leopoldi
946 971 970 1040 1.
994 970 1156 1040 Caesaris
1177 970 1400 1057 denunciata,
1418 991 1551 1062 magna·
1564 996 1688 1066 pompa

185 1083 302 1154 solitos
325 1084 416 1154 inter
440 1083 581 1177 plausus
603 1085 648 1155 ad
672 1085 856 1179 Templum
882 1085 916 1156 S.
942 1086 1062 1157 Crucis
1085 1086 1250 1170 deducta,
1284 1087 1398 1179 ibique
1422 1110 1444 1157 a
1468 1088 1688 1180 sigismundo

188 1198 368 1292 Alpbonso
391 1201 434 1269 de
457 1200 578 1288 Thun,
613 1201 726 1294 Epise.
761 1202 957 1273 Brixinensi
980 1226 1020 1274 ac
1044 1203 1266 1290 Tridentino,
1289 1203 1313 1272 4
1336 1203 1548 1290 Abbatibus,
1573 1226 1690 1275 nume-

188 1339 267 1386 roso
291 1316 393 1387 Clero
424 1340 466 1388 ac
499 1317 678 1389 Conventu
713 1319 877 1389 Fratrum
914 1318 1043 1406 cincto,
1066 1326 1212 1411 excepta
1235 1327 1304 1402 est,
1329 1318 1451 1389 Officio
1472 1319 1614 1390 solemni
1646 1343 1688 1390 11

187 1431 330 1524 Hymno
353 1433 580 1504 Ambrosiano
602 1433 665 1504 sub
688 1440 936 1505 tormentorum
962 1433 1104 1505 reboatu
1129 1435 1304 1504 assistens.
1329 1434 1495 1505 Sereniss.
1520 1433 1685 1519 Carolus,

178 1547 435 1640 lotharingiae
458 1547 556 1636 Dux,
581 1557 658 1619 torn
681 1549 887 1638 Eleonorae,
912 1549 1074 1643 Leopoldi
1100 1550 1123 1619 1.
1150 1548 1311 1619 Caesaris
1337 1550 1479 1638 sororis,
1509 1549 1685 1620 Neostadii

185 1687 245 1734 an.
272 1662 560 1752 terremotus,
584 1665 783 1759 Oenipotern
808 1689 885 1736 curu
911 1689 953 1739 11
977 1688 1032 1736 11.
1059 1664 1146 1736 1678
1168 1665 1223 1736 die
1245 1665 1278 1736 3.
1304 1666 1414 1759 April.
1439 1688 1581 1737 necnon
1604 1666 1690 1736 1679

184 1780 245 1849 die
268 1780 324 1852 27.
349 1780 497 1873 Augusti
521 1780 719 1852 solemniter
742 1781 934 1874 ingressus
962 1781 1074 1853 solitis
1096 1781 1371 1854 solemnitatibus
1393 1805 1416 1852 a
1438 1782 1548 1853 tribus
1571 1782 1688 1853 Abba·

190 1895 282 1965 tibus
305 1918 347 1966 ac
370 1896 565 1983 Conventa,
590 1896 624 1966 in
648 1919 824 1968 occursum
850 1897 1126 1990 properantibus,
1151 1897 1183 1966 in
1208 1897 1364 1968 Ecclesia
1387 1897 1501 1968 aulica
1525 1907 1689 1992 exceptus

183 2014 265 2083 1111.
290 2013 500 2100 Conventus,
525 2014 682 2106 piissima
697 2015 769 2086 eius
783 2015 928 2106 coniuge
950 2014 1158 2105 gravissimo
1181 2015 1334 2107 periculo
1351 2016 1384 2085 in
1402 2022 1505 2108 partu
1525 2036 1580 2085 an.
1603 2014 1689 2086 1679

186 2128 244 2198 die
272 2129 323 2199 ll.
349 2129 442 2222 Sept.
466 2131 640 2223 exposita,
665 2131 757 2201 trina
787 2130 862 2201 vice
894 2131 981 2222 (Deo
1004 2130 1174 2201 auxilium
1198 2154 1296 2201 suurn
1322 2129 1520 2221 differente)
1543 2130 1686 2225 supplex
1762 2185 1764 2189 ,

191 2268 309 2316 coram
333 2245 427 2317 coelo
450 2246 622 2340 apparuit.
648 2247 769 2317 Prima
791 2247 865 2317 vice
888 2248 1064 2339 expositus
1088 2247 1154 2318 1111
1174 2247 1334 2317 Christus
1349 2249 1414 2318 sub
1429 2249 1536 2318 sacris
1553 2247 1689 2319 velatus

189 2363 385 2455 speciebus,
410 2385 527 2434 coram
553 2385 620 2454 quo
644 2362 724 2433 'Dux
747 2387 823 2434 cum
848 2370 924 2435 tota
947 2364 1020 2433 fere
1044 2363 1154 2448 Aula,
1179 2364 1362 2433 Fratribus
1385 2385 1426 2432 ac
1447 2363 1541 2449 aliis,
1567 2363 1688 2433 arden·

190 2480 284 2549 tibus
307 2479 466 2572 precibus
489 2503 550 2571 pro
573 2480 686 2549 salute
710 2479 869 2570 Reginae
893 2480 1026 2550 institit.
1052 2479 1210 2550 Secunda
1234 2479 1308 2548 vice
1332 2480 1365 2549 in
1390 2479 1504 2550 Clroro
1527 2479 1687 2550 Litaniae

194 2618 272 2665 cum
297 2595 527 2689 Responsorio
550 2595 592 2665 D.
617 2595 755 2666 Antonii
782 2595 942 2666 Patavini
966 2619 988 2666 1
1010 2595 1191 2665 Fratribus
1213 2601 1384 2665 cantatae.
1402 2595 1522 2664 Tertia
1538 2595 1612 2664 vice
1628 2595 1688 2664 Os·

197 2710 311 2781 ficium
337 2711 487 2782 solemne
511 2711 544 2780 in
569 2710 683 2781 Altarr
710 2711 745 2781 S.
769 2711 909 2780 Antonii
946 2710 1107 2780 Patavini
1142 2710 1382 2795 decantatum,
1418 2720 1453 2779 et
1487 2709 1565 2779 dein
1589 2709 1688 2781 flexis

194 2827 338 2916 genibus
361 2826 521 2897 Litaniac
545 2826 765 2897 Lauretanae
788 2849 864 2895 cum
889 2825 1117 2919 Responsorio
1140 2825 1204 2895 fati
1229 2825 1486 2917 Thaumaturgi
1511 2848 1532 2893 1
1557 2827 1585 2895 F
1587 2827 1688 2895 ratri-

198 2941 259 3010 bus
281 2943 450 3034 repetitae
473 2952 562 3012 sunt.
599 2942 662 3012 His
698 2943 832 3011 faustus
865 2941 1100 3034 correspondit
1123 2940 1285 3011 effectus:
1310 2940 1449 3032 Regina
1472 2941 1686 3034 Principem,

195 3055 357 3149 Leopoldi
382 3057 517 3130 nomine
541 3058 755 3150 insignitum,
781 3057 930 3128 feliciter
946 3057 1058 3128 enixa.
1076 3057 1270 3129 Conventus
1286 3058 1344 3126 vix
1362 3057 1517 3128 assidens
1534 3080 1686 3144 mensae,

192 3173 234 3242 de
259 3173 324 3244 hoc
347 3173 474 3244 certior
499 3173 671 3259 redditur,
696 3173 823 3264 surgit,
847 3174 881 3243 in
907 3173 1058 3244 Chorum
1093 3173 1187 3244 ocius
1223 3173 1334 3261 volat,
1359 3182 1394 3243 et
1417 3174 1481 3243 sub
1510 3173 1687 3266 compulsu
1744 3168 1749 3177 ’

192 3290 343 3360 omnium
369 3312 616 3382 campanarum
647 3289 697 3359 Tc
720 3291 835 3361 1111111
858 3289 1068 3375 laudamus,
1091 3290 1144 3360 oui
1172 3290 1249 3360 Dux
1272 3314 1348 3360 curn
1374 3297 1450 3361 tota
1473 3290 1688 3360 1111111111-

195 3405 275 3493 fuit,
300 3406 412 3496 gratis
435 3405 620 3476 affectibus
650 3405 822 3477 decantat.
860 3406 1022 3499 Princeps
1046 3406 1179 3491 infans,
1205 3407 1328 3477 nedum
1355 3406 1506 3476 medium
1530 3428 1688 3475 emensus

191 3545 336 3609 annum,
365 3523 468 3614 gravi
502 3531 682 3616 correptus
717 3521 936 3610 infirmitate,
977 3523 1141 3593 Parentes
1165 3522 1291 3609 movit,
1317 3531 1454 3592 111111
1481 3523 1515 3593 8.
1541 3522 1688 3592 Antonio

193 3639 485 3726 commendarint,
510 3646 546 3709 et
569 3647 685 3709 votum
710 3638 752 3711 de
777 3638 898 3709 habitu
923 3639 1109 3709 abeodem
1134 3662 1195 3731 per
1218 3638 1398 3708 dimidium
1424 3661 1550 3709 annum
1576 3641 1610 3708 in
1628 3639 1688 3708 ho·

194 3776 309 3824 norem
335 3753 487 3824 eiusdem
514 3753 593 3823 Divi
617 3754 805 3844 gestando,
829 3755 855 3823 si
881 3777 942 3847 per
965 3754 1068 3824 huius
1091 3754 1366 3825 intercessionem
1384 3777 1406 3823 1
1423 3756 1540 3826 morbo
1557 3755 1689 3824 1111111-

197 3869 357 3956 mendus,
392 3870 579 3940 emiserint.
615 3869 689 3941 Deo
731 3870 818 3940 haec
853 3869 1024 3940 desideria
1059 3870 1276 3957 exaudiente,
1301 3871 1345 3939 de
1368 3893 1488 3942 eorum
1513 3871 1688 3940 voluntate

193 4006 246 4056 an.
275 3983 438 4055 16861111
465 3986 515 4056 ll.
540 3985 661 4056 Martii
687 3985 843 4056 Mathias
867 3985 1078 4073 Schmidlin,
1103 3986 1262 4057 Minister
1284 3987 1405 4072 Prov.,
1424 3985 1616 4079 Principem
1634 4009 1688 4056 sa-

195 4103 292 4173 nitati
317 4104 534 4189 restitutum,
567 4102 796 4173 Franciscano
819 4102 963 4173 ambivit
987 4102 1120 4172 habitu.
1145 4103 1238 4172 Idem
1265 4102 1362 4190 Dux,
1387 4103 1609 4173 Vinrlobonae
1632 4125 1687 4172 an.

199 4217 446 4290 168211111111
469 4228 504 4289 et
529 4218 665 4290 letifero
688 4217 857 4311 languore
881 4219 1047 4303 afflictus,
1074 4220 1105 4287 in
1131 4219 1294 4289 bonorem
1313 4219 1348 4289 S.
1366 4219 1502 4289 Antonii
1525 4219 1686 4288 Patavini

195 4335 302 4421 (errius
327 4336 400 4406 icon
423 4334 534 4405 eidem
559 4335 778 4426 transmissa)
802 4342 920 4407 votum
944 4334 989 4405 ad
1013 4335 1233 4428 sepulchrum
1259 4335 1410 4406 eiusdem
1434 4334 1687 4429 peregrinandi,

197 4473 234 4521 ac
258 4451 425 4522 amictum
449 4451 630 4522 cinericiae
655 4453 828 4522 tincturae
851 4474 912 4544 per
934 4451 1014 4522 anni
1038 4450 1205 4521 circulum
1230 4451 1391 4542 gestandi
1419 4451 1516 4538 fecit,
1542 4474 1688 4542 moxque

196 4588 213 4636 e
236 4568 356 4639 mortis
379 4568 536 4639 saucibus
557 4577 696 4661 ereptus
729 4577 792 4639 est.
823 4569 889 4640 An.
916 4567 1018 4656 1685,
1043 4567 1094 4637 111
1118 4566 1228 4639 129.
1252 4567 1400 4655 dictum,
1425 4568 1583 4638 Marinus
1607 4567 1688 4638 Sor·

199 4707 317 4755 manus
342 4684 554 4756 Conventum
580 4684 668 4754 hunc
692 4707 755 4755 sua
777 4684 973 4777 praesentia
999 4685 1123 4755 beavit.
1147 4687 1214 4756 An.
1243 4682 1330 4754 1688
1351 4707 1395 4753 ex
1419 4684 1541 4755 favore
1564 4692 1600 4753 11
1617 4707 1688 4754 mu·

199 4802 370 4874 nificentia
395 4801 555 4894 Leopoldi
581 4803 606 4871 l.
630 4802 790 4872 Caesaris
812 4802 986 4894 reparatio
1009 4801 1160 4873 eiusdem
1185 4801 1337 4887 initium,
1361 4808 1397 4870 et
1419 4822 1473 4870 an.
1498 4822 1567 4890 seq.
1585 4799 1686 4868 finem

200 5053 460 5065 *ι-

303 5195 312 5231 ¹
334 5196 448 5248 ttnnurn.
467 5197 551 5246 111111.
571 5191 654 5246 111111.
674 5195 699 5245 11
718 5191 814 5246 Clrron.
833 5194 881 5248 col.
901 5193 962 5246 9711.
981 5191 1053 5245 Cont.
1073 5190 1134 5246 orb.
1153 5193 1261 5258 Seraptr.
1276 5197 1292 5243 t
1306 5191 1330 5243 5.
1345 5206 1370 5257 p.
1385 5191 1443 5243 330.
1457 5188 1552 5243 Cbron.
1575 5205 1687 5256 parvum

201 5292 271 5346 Prov.
290 5293 381 5359 Tyrot.
400 5307 426 5358 p.
447 5293 497 5344 103
516 5299 564 5344 etc.
584 5292 697 5344 Ltbeltus
715 5290 935 5346 Contrnternttntls
953 5295 1129 5357 Antonianae,
1150 5291 1218 5343 tvsu
1237 5291 1330 5356 erlttus,
1349 5305 1375 5356 p.
1396 5291 1429 5342 2³
1448 5295 1474 5342 11
1493 5289 1614 5356 pluribus
1632 5304 1686 5357 seq.
