3750 6082
183 110 247 181 let
832 128 1032 180 ctraomcos

184 252 371 336 adversae,
397 252 488 322 actui
516 272 638 322 norum
665 252 769 321 robur
803 250 960 340 addidit3
983 252 1072 320 enim
1098 273 1181 321 vero
1205 251 1240 321 S.
1264 252 1498 343 Congregatio
1520 278 1541 323 a
1567 256 1644 327 Curia

182 369 327 461 Argent.
352 366 493 437 solidius
514 367 696 453 instructa,
734 367 923 458 rescripsit,
955 366 1077 435 omnin
1100 364 1377 437 Iamlaln‘lcssime
1399 376 1437 437 et
1456 367 1647 439 daatavim

182 507 254 554 asso
275 485 396 575 facta,
419 491 453 550 ct
477 490 567 551 acta.
593 481 749 552 Evolutis
773 481 977 574 quibusdam
1003 480 1047 549 ab
1071 480 1320 553 introductione
1343 482 1466 555 diebus
1492 483 1528 556 P.
1556 485 1592 555 R.
1615 485 1648 557 ll.

185 598 362 669 Parochus
387 597 616 683 SelbacensiS,
652 584 752 666 iuxta
786 597 1044 667 conventionem
1068 594 1136 667 iam
1163 603 1266 667 antea
1288 596 1439 685 factam,
1462 601 1591 671 secessit
1614 600 1652 669 ad

182 736 311 806 pagum
336 711 596 798 Schulterthal,
621 712 734 803 itique
757 712 793 781 in
817 710 939 781 humili
961 733 1045 781 casa
1068 710 1198 799 haesit,
1221 711 1328 783 donec
1351 735 1443 783 nova
1464 713 1578 786 domus
1598 715 1654 785 Pa·

183 828 365 913 rochialis,
389 852 433 899 ex
457 849 483 898 s.
508 827 728 919 eleemosyna
763 827 964 898 Provinciae
999 826 1119 919 'tyrol
1142 827 1187 897 ibi
1210 829 1383 916 excitata,
1407 828 1543 901 culmen
1563 831 1656 923 perle-

183 944 305 1015 ctiouis
328 944 508 1036 attigerit3
532 941 653 1013 eodem
677 941 792 1012 adhuc
815 963 904 1012 anno
927 943 1039 1035 prima
1062 964 1185 1014 manus
1208 951 1406 1014 structurae
1430 943 1655 1029 Monasterioli,

183 1082 227 1130 ex
249 1059 399 1130 subsidio
421 1059 547 1153 partim
572 1058 720 1128 aliorum
755 1057 1010 1145 Conventuum,
1042 1058 1168 1151 partim
1192 1058 1394 1149 specialium
1419 1060 1656 1132 benefactorum

184 1177 241 1265 (ex
265 1197 410 1266 quorum
435 1174 545 1245 classe
569 1174 817 1245 Monasterinm
844 1174 1048 1244 Brixinense
1076 1173 1322 1261 Clarissarum,
1339 1174 1410 1246 300
1426 1176 1568 1249 florenos
1589 1198 1658 1269 sip-

184 1290 359 1382 peditans,
385 1288 491 1378 venit)
516 1288 562 1357 ad
584 1286 808 1380 colophonem
832 1286 1020 1373 deductae,
1046 1286 1189 1358 admota
1214 1288 1290 1359 fuit.
1306 1290 1407 1361 Anno
1426 1290 1662 1362 1735inFeso
1724 1294 1726 1313 '

183 1405 218 1475 S.
243 1403 427 1474 Michaelis
451 1402 664 1494 Archangeli
698 1402 843 1473 Fratres
877 1402 1076 1474 solemniter
1098 1425 1142 1474 ex
1166 1402 1267 1475 demo
1290 1403 1465 1476 Canonica
1488 1406 1534 1476 ad
1555 1406 1663 1478 nm·

184 1518 362 1591 steriolum
387 1519 599 1609 migrarunt,
625 1518 738 1609 ibique
763 1518 923 1588 stabilem
947 1518 1063 1588 sedern
1081 1518 1242 1590 fixerunt.
1260 1519 1479 1591 Subintravit
1497 1530 1663 1593 structura

183 1634 375 1720 Ecclesiae,
400 1633 453 1704 cui
478 1632 518 1703 P.
535 1633 579 1703 lt.
596 1632 638 1702 D.
664 1633 825 1723 Iosephus
842 1631 1093 1728 Lindenmayr,
1119 1634 1248 1705 Rectnr
1276 1634 1309 1704 in
1332 1634 1665 1731 Niderschoplhein,

183 1773 227 1821 cx
243 1750 387 1843 praevia
410 1748 679 1819 Eminentissimi
704 1746 900 1818 Cardinalis
922 1771 964 1818 ac
987 1747 1100 1840 Episc.
1125 1750 1271 1837 Argent.
1296 1749 1436 1821 licentia
1461 1772 1517 1843 ap.
1543 1750 1619 1822 1738
1629 1750 1673 1819 in

183 1866 287 1936 Festo
311 1864 346 1933 S.
371 1863 557 1934 Michaelis
579 1862 730 1955 gratiam
755 1863 903 1933 solennis
927 1862 1170 1934 benedictionis
1192 1862 1358 1956 impendit
1370 1869 1390 1936 ¹.

275 1980 350 2052 148.
374 1978 529 2049 Ecclesia
554 1977 588 2047 S.
613 1977 780 2048 Michaeli
805 1976 1027 2069 Archangelo
1049 1977 1183 2065 dicata,
1208 1978 1354 2049 eundem
1371 1979 1406 2049 in
1422 1979 1540 2051 Alteri
1556 1976 1662 2051 maort

184 2092 276 2164 colit.
302 2093 330 2162 E
354 2115 458 2163 cornu
483 2092 664 2184 Evangelii
690 2095 765 2163 Ara
790 2091 824 2161 S.
849 2092 988 2163 Antonii
1021 2092 1202 2179 Patavini,
1226 2116 1245 2163 e
1268 2116 1372 2164 cornu
1396 2116 1481 2167 vero
1504 2093 1663 2189 Epistulae

186 2211 258 2278 Ara
282 2210 317 2278 S.
343 2207 476 2278 loannis
501 2207 750 2300 Nepomuceni,
774 2207 872 2278 sedes
896 2207 1057 2298 imaginis
1075 2207 1202 2279 Matris
1218 2208 1422 2297 Dolorosae,
1446 2209 1666 2303 quotidiepri·

183 2323 396 2415 vilegiatat,
420 2322 634 2414 conspicitur.
658 2321 713 2391 Ex
738 2322 799 2391 88.
824 2321 1064 2413 lteliqniarnm
1088 2320 1223 2392 calculo
1239 2321 1340 2394 adest
1355 2324 1529 2417 particula
1546 2324 1581 2397 S.
1598 2324 1669 2395 0111·

183 2440 249 2526 cis,
274 2439 328 2510 cui
355 2438 538 2530 Reliquiae
564 2438 625 2509 SS.
649 2439 896 2522 Innocentium,
922 2438 1031 2508 Blasii
1057 2436 1096 2507 E.
1119 2445 1155 2507 et
1177 2438 1245 2526 M,
1270 2440 1539 2511 Bonaventurae
1554 2440 1667 2513 Cardi-

184 2555 291 2642 nalis,
316 2555 411 2625 Petri
434 2554 477 2623 de
501 2553 696 2624 Alcantara
720 2562 756 2623 et.
780 2553 962 2623 Paschalis
995 2553 1130 2647 Baylon
1167 2553 1351 2643 adiunctae
1377 2562 1468 2626 sunt.
1493 2558 1672 2628 Praetereo

185 2671 302 2741 varias
325 2670 507 2761 Reliquias
532 2670 593 2740 SS.
625 2669 774 2763 capsulis
797 2670 960 2755 insertas,
986 2670 1018 2739 in
1043 2669 1158 2739 Altari
1181 2692 1315 2741 summo
1337 2678 1544 2764 prestantes.
1572 2674 1672 2744 Acce·

184 2785 235 2855 dit
260 2785 434 2856 Sacellum
459 2786 690 2872 infirmariae,
708 2786 781 2855 Ara
799 2784 832 2854 S.
854 2786 1000 2879 losephi,
1019 2808 1081 2855 non
1098 2794 1316 2872 consecrata,
1333 2785 1578 2859 condonatum.
1594 2788 1676 2858 Fra·

185 2910 255 2971 tres
279 2923 400 2973 nomen
424 2901 719 2973 Missionariorum
737 2900 990 2993 Episcopalium
1015 2906 1188 2991 gerentes
1208 2901 1371 2972 honorem
1388 2899 1453 2972 Dei
1470 2909 1508 2973 et
1531 2901 1677 2975 salutem

185 3016 379 3086 animarum
405 3016 564 3107 energiae
588 3022 808 3108 promovent:
848 3014 875 3084 l.
901 3015 968 3085 Per
991 3013 1137 3085 servitia
1162 3015 1402 3103 Parochialia,
1426 3016 1560 3089 vicarie
1584 3016 1680 3089 modo

184 3154 246 3223 per
270 3155 306 3202 sc
330 3131 498 3223 praestita
535 3130 725 3217 Selbachii‚
762 3129 1050 3217 Reichenbachii,
1083 3129 1298 3219 Kuebachii,
1322 3152 1363 3201 ac
1387 3121 1606 3203 in'domibus
1635 3132 1678 3203 ad
1718 3118 1723 3129 ’

185 3245 274 3315 haec
299 3246 373 3316 loca
398 3245 614 3333 revocandis,
651 3268 712 3315 nec
736 3267 799 3315 non
823 3267 885 3338 per
909 3245 1068 3315 accidens
1092 3246 1311 3334 (necessitate
1334 3247 1498 3339 urgente)
1523 3237 1558 3317 in
1589 3247 1682 3319 valle

187 3361 395 3431 Sclmtterae
419 3384 458 3430 ac
482 3359 765 3450 Prinzenbachii3
802 3361 834 3429 in
870 3360 947 3430 istis
976 3359 1059 3430 locis
1083 3382 1170 3431 nuuc
1192 3360 1451 3447 concionantur,
1475 3382 1566 3434 nunc
1588 3368 1682 3433 cate·

185 3474 339 3560 clrinant,
365 3496 453 3543 nunc
477 3474 705 3545 consessiones
738 3474 899 3562 audiunt,
937 3496 1024 3544 nunc
1057 3475 1276 3547 matrimonio
1298 3475 1476 3562 assistunt,
1502 3498 1595 3548 nunc
1627 3478 1683 3548 ba·

186 3591 331 3683 ptinaut,
358 3611 442 3658 num
465 3597 623 3680 aegrotos
647 3589 692 3660 ad
718 3590 852 3659 l‘elicem
878 3601 1022 3661 mortem
1047 3590 1249 3684 disponunt,
1267 3612 1355 3661 nunc
1370 3590 1461 3662 alias
1482 3592 1684 3685 spirituales

187 3705 375 3775 functiones
399 3712 530 3794 aguut3
554 3706 586 3777 2.
611 3706 680 3775 Por
704 3706 1138 3776 Archiccnsraternitatem
1164 3706 1199 3777 S.
1223 3706 1398 3777 Francisci
1421 3706 1481 3777 vix
1506 3729 1572 3779 non
1597 3709 1683 3779 eius·

187 3820 265 3889 dom
290 3820 391 3909 senii3
415 3821 447 3890 3.
472 3820 540 3889 Per
556 3821 649 3890 viam
675 3820 809 3908 CruciS,
835 3821 1013 3891 Ecclesiae
1036 3843 1213 3891 coaevam.
1229 3820 1416 3892 Morantur
1432 3821 1683 3911 hicAPatres

184 3934 399 4019 et21.aici,
426 3935 518 4005 haud
543 3957 622 4005 raro
646 3956 668 4004 a
693 3935 801 4005 Patre
836 3936 1033 4007 Conventus
1069 3935 1283 4029 Kencingani
1308 3937 1343 4006 in
1367 3937 1438 4007 suis
1461 3940 1686 4011 momentaeis

187 4049 361 4120 laboribus
385 4048 512 4136 adiuti,
538 4057 639 4120 etex
663 4074 689 4121 s.
722 4050 956 4144 eleemosyna,
981 4051 1053 4122 sive
1089 4061 1208 4144 sponte
1243 4049 1362 4123 oblata
1395 4052 1469 4123 sive
1504 4052 1686 4126 humiliter

185 4162 418 4250 emendicata,
443 4186 484 4233 ac
509 4164 693 4235 Missarum
717 4165 881 4258 suppetiis
905 4167 1033 4237 nutriti.
1058 4166 1220 4257 Sigillum
1243 4167 1393 4238 ostendit
1414 4166 1449 4238 S.
1467 4167 1681 4241 Michaelem

187 4279 240 4349 his
262 4278 296 4347 iu
319 4280 401 4349 orbe
424 4280 581 4350 exaratis
604 4279 735 4351 literis:
759 4280 794 4350 S.
828 4282 957 4373 Super.
989 4282 1122 4352 Solbuc.
1146 4283 1196 4353 cd
1215 4282 1252 4354 S.
1277 4282 1438 4355 Michael.
1466 4283 1556 4356 Orci.
1586 4284 1679 4358 Maia.

187 4393 372 4486 Rcsbrnt³.

293 4711 301 4745 ¹
322 4712 434 4763 Menum.
454 4713 537 4763 citata.
557 4710 651 4763 Chron.
671 4713 712 4763 cit
733 4726 759 4776 p.
783 4711 830 4763 180
849 4719 897 4764 etr.

292 4807 304 4843 ¹
322 4809 361 4860 Utt
381 4812 481 4861 constat
498 4823 528 4860 cx
548 4809 661 4861 Menum.
682 4809 851 4861 Movrusteriolt
871 4808 989 4873 sabec,
1010 4809 1078 4861 rmde
1092 4810 1178 4863 delicit
1190 4810 1298 4878 quidam
1311 4813 1437 4879 scriptor,
1450 4812 1620 4879 prtvtteginm
1635 4816 1685 4868 hcc

187 4905 253 4955 Arne
273 4906 364 4957 mntort
383 4906 500 4970 affigens.

291 5001 651 5057 35101111111.01111111651011.
672 5018 697 5070 p.
722 5006 770 5056 180
788 5010 836 5057 etc.
856 5004 928 5058 Ceut.
949 5006 1010 5060 Orb.
1030 5008 1138 5074 Semph.
1159 5014 1175 5061 t.
1195 5009 1220 5061 5.
1240 5025 1267 5076 p.
1289 5009 1349 5064 355.
