3750 6082
471 485 637 536 rnovmo.
661 484 790 536 arnon.
814 485 871 535 su.
896 484 1022 535 utnon.
1046 484 1181 536 aaron.
1558 465 1581 535 7

68 632 186 696 reum,
210 620 384 680 oratorem
402 608 623 695 Archiducis,
648 607 873 679 Franciseum
898 607 1115 700 Oonzagam,
1140 607 1281 679 Ordinis
1295 596 1494 680 Ministrum
1511 607 1579 679 Ge·
1685 632 1689 639 ·

70 723 247 814 neralem,
271 724 442 807 submisit,
469 725 636 815 rogitans,
655 735 694 794 ut
718 723 903 793 Provincia
928 745 1018 792 nova
1035 724 1068 792 iu
1092 747 1154 794 sua
1169 723 1300 793 ditione
1324 722 1578 811 institueretur,

70 841 246 914 Hernicus
262 839 423 912 Sedulius
440 838 706 911 Commissarius
730 839 947 931 Apostolious
969 862 1030 930 pro
1055 839 1127 909 eius
1154 839 1323 909 erectione
1344 838 1576 910 destinaretur

70 979 116 1027 ac
139 955 251 1028 eidem
268 965 307 1025 ut
324 955 483 1026 Minister
501 954 743 1042 Prouincialis,
768 955 867 1026 salvo
882 954 1080 1047 privilegio,
1100 962 1137 1024 ut
1152 954 1225 1024 cius
1241 976 1452 1025 successores
1469 954 1579 1026 libere

70 1067 306 1157 eligerentur,
331 1066 590 1159 praeficeretur.
614 1065 684 1136 Vix
716 1065 870 1156 Legatus
897 1066 951 1135 hic
978 1066 1110 1137 Romae
1134 1088 1215 1135 suas
1239 1064 1373 1135 litteras
1396 1066 1572 1159 exposuit,

71 1183 236 1255 Minister
260 1182 440 1253 Generalis
471 1182 680 1273 Gregorium
705 1182 798 1251 Xlll.
832 1182 871 1251 P.
896 1181 934 1251 P.
960 1181 1034 1250 adit
1069 1190 1105 1250 ot
1139 1202 1285 1272 sequeus
1309 1180 1488 1274 Diploma,
1521 1181 1578 1251 die

75 1299 129 1370 16.
152 1298 284 1392 Aprilis
305 1298 550 1389 subscriptum,
574 1321 637 1390 pro
660 1296 863 1367 fundatione
887 1296 1091 1367 Provinciae
1116 1295 1316 1387 Tyroleusis
1337 1296 1484 1366 obtinuit
1499 1300 1520 1365 ¹.

557 1529 799 1601 (inanimus
830 1529 938 1600 Xlll.
970 1529 1097 1600 Para

211 1736 347 1807 Dilecto
378 1734 477 1805 Filio
508 1733 665 1804 Henrico
695 1734 838 1805 Sedulio
869 1733 1016 1806 Ordinis
1047 1732 1228 1804 Fratrum
1256 1734 1445 1804 Minor-am

404 1848 448 1920 rie
475 1849 709 1921 Obseruantia
732 1858 1026 1942 uirueupatorum
1043 1848 1253 1941 professori.

165 2081 300 2151 Dilecta
330 2080 430 2152 Fili!
461 2080 622 2151 Salutem
645 2089 681 2151 et
703 2080 942 2173 Apostolioam
967 2080 1261 2151 Benedictiouem.
1292 2078 1365 2158 Ouo
1390 2081 1577 2170 Relrpioso-

70 2221 159 2266 rum
184 2196 333 2282 (ἰοηιτιε,
360 2196 397 2266 iu
421 2220 532 2267 uuam
556 2195 792 2267 Provinciam
823 2196 993 2267 reductae
1023 2197 1171 2288 facilius
1201 2204 1398 2285 renuatur,
1423 2220 1577 2290 aequum

71 2322 128 2383 est
156 2314 373 2384 auctoritate
403 2320 527 2382 nostra
543 2311 750 2405 providere.
779 2311 868 2383 Cura
894 2314 1033 2405 itaque,
1055 2313 1151 2382 sieut
1171 2313 1389 2405 accepimus,
1413 2336 1484 2382 uou
1508 2336 1578 2382 rite-

71 2430 250 2499 drocriter
271 2435 460 2499 ecrrseatur
482 2428 674 2520 expedire,
698 2428 857 2519 scapulas
888 2427 1138 2520 relipiosorum
1168 2430 1336 2498 orrorzun
1358 2429 1486 2498 dontius
1512 2428 1581 2499 Or-

74 2546 176 2616 dinis
198 2545 381 2616 Fratrum
407 2545 594 2615 uicinorum
616 2545 659 2614 de
687 2544 920 2615 Obseruantia
944 2553 1255 2637 rartrzcupatorum,
1279 2545 1445 2615 viatica
1471 2545 1579 2616 Oeni-

69 2669 298 2754 poatauum,
335 2660 634 2750 Friburueusern,
672 2661 883 2730 Suaeeuseru
918 2668 952 2730 et
986 2660 1253 2731 Bolez'anensem
1282 2685 1324 2730 ae
1353 2660 1578 2732 Mouasteria

75 2777 380 2847 Mamaeanas
403 2777 529 2867 requie
564 2776 600 2846 S.
642 2774 795 2861 Clarae,
820 2777 857 2844 iu
891 2776 1017 2868 quibus
1047 2776 1240 2847 secuudum
1264 2776 1427 2846 instituta
1450 2777 1577 2846 assub

75 2917 171 2963 cara
194 2891 377 2964 Fratrum
394 2892 670 2985 praedictorum
691 2892 841 2978 vivitur,
865 2915 957 2986 quoae
981 2892 1019 2961 iu
1050 2892 1220 2963 domaniis
1243 2916 1284 2962 ac
1310 2892 1503 2984 temporali
1520 2892 1576 2960 di-

76 3011 172 3080 tioue
193 3007 317 3077 deiecti
336 3008 413 3097 filii
432 3007 561 3077 nobilis
585 3009 663 3076 ozri
684 3006 916 3078 Ferdiuaudi
937 3007 1153 3077 ,lrcniiincis
1178 3007 1350 3078 Ari-striae
1379 3008 1575 3077 consistunt

72 3133 112 3194 et
131 3124 374 3209 continentur,
400 3124 438 3193 iu
462 3147 573 3194 ranam
596 3122 845 3208 Prouinciam,
876 3123 1020 3215 Tyrolis
1041 3123 1342 3215 nuncupandam,
1365 3123 1504 3213 rudini,
1527 3123 1576 3192 ei-

72 3240 225 3332 demque
248 3237 465 3310 Provinciae
487 3240 645 3335 alconem
666 3239 826 3309 eiusdem
853 3238 1003 3309 Ordinis
1020 3242 1265 3332 professorem
1291 3239 1329 3309 iu
1359 3239 1575 3308 Ministrum

73 3353 345 3425 Proormtalem
361 3355 524 3447 praefici
542 3364 576 3425 et
592 3376 769 3446 praeesse.
794 3353 869 3424 Nos
891 3353 998 3424 dietis
1020 3354 1064 3423 de
1086 3354 1202 3425 causis
1225 3355 1391 3439 adducti,
1416 3377 1479 3424 uec
1503 3377 1574 3425 non

72 3469 232 3540 ec‘asdem
268 3467 500 3540 Ferrtinamli
531 3469 744 3539 Areu-iducis
776 3470 867 3539 eotc's
898 3493 968 3563 pro
1002 3492 1069 3540 sua
1104 3471 1237 3560 insiuni
1268 3493 1356 3561 erpa
1379 3470 1568 3560 Reliuiosos

72 3610 196 3656 omues
213 3586 370 3679 pietate,
395 3585 435 3654 id
455 3585 564 3656 enc'uoe
584 3585 846 3670 (uniuersales,
870 3594 1084 3671 annuentes,
1110 3585 1196 3671 tibi,
1222 3586 1285 3678 qui
1306 3586 1345 3655 iu
1372 3585 1572 3656 Academia

73 3700 313 3786 Looanrensi,
337 3725 379 3770 ae
403 3701 442 3769 iu
458 3700 641 3794 plerisque
663 3700 819 3770 eiusdem
847 3698 995 3771 Ordinis
1017 3702 1179 3771 domibus
1204 3703 1396 3793 inferioris
1424 3701 1575 3772 Germa-

71 3817 169 3901 uiae,
192 3841 240 3885 rx
261 3840 334 3911 qun
355 3823 477 3885 ortum
510 3815 628 3901 alueis,
666 3815 874 3908 Ouolopiam
909 3818 1179 3893 uoumecliocri
1208 3817 1316 3888 locale
1345 3818 1502 3888 docuisti
1529 3843 1571 3888 ae

72 3931 119 4001 rle
143 3932 340 4019 Relrpe'onis
365 3932 447 4017 zelo,
472 3932 568 4001 ritae
591 3932 773 4002 inauditio
796 3956 867 4002 nou
891 3932 1119 4002 rnedioruiter
1135 3938 1234 4025 apua
1256 3933 1331 4004 Nos
1351 3935 1576 4003 commenda·

72 4048 150 4133 ris,
169 4071 240 4141 per
259 4055 467 4141 praestantes
490 4048 724 4133 modernus,
748 4056 791 4119 ut
811 4049 950 4134 doruos,
976 4075 1018 4121 aa
1035 4041 1255 4120 Mouasteria
1265 4054 1445 4142 praeficta
1470 4052 1508 4119 iu
1523 4050 1576 4119 di·

72 4164 140 4235 rtis
162 4164 334 4234 dominiis
355 4171 393 4234 et
413 4164 549 4234 ditione
563 4165 646 4250 sita,
666 4165 704 4232 iu
720 4189 832 4234 incarn
848 4164 1096 4250 Prouinciam,
1119 4165 1264 4257 Zarotis
1279 4167 1574 4259 nuncupandam,

73 4280 243 4351 adinstar
265 4280 427 4350 aliarum
450 4280 608 4350 eiusdem
636 4279 783 4351 Ordinis
806 4279 1088 4351 Prom'nciarum
1109 4283 1266 4373 rediens,
1282 4283 1464 4376 eidemque
1484 4282 1575 4353 Pro-

73 4398 227 4481 vinciae,
258 4396 402 4490 Tyrolis
425 4397 707 4490 nuncupandae,
732 4397 771 4465 iu
795 4397 1007 4468 Miur'strum
1026 4397 1291 4468 Prom'neialem
1309 4400 1483 4489 tauquam
1507 4399 1574 4468 ali-

70 4536 178 4607 quem
200 4512 359 4582 eiusdem
387 4511 534 4584 Ordinis
551 4513 793 4605 professorem
815 4513 1099 4584 constituendum
1114 4514 1409 4607 etdeputanrtum
1431 4538 1514 4600 esse,
1532 4539 1573 4584 ue

73 4631 181 4699 iacula
203 4628 362 4700 ertatem
389 4628 539 4701 Ordinis
560 4629 749 4717 reunlaria
774 4630 960 4714 instituta,
984 4630 1153 4701 eauvouioe
1177 4631 1213 4699 iu
1246 4631 1460 4701 illinistrarn
1484 4630 1574 4701 Pro·

70 4745 283 4830 siroialern,
300 4746 395 4815 utin
411 4745 493 4817 aliis
516 4745 722 4817 Provinciis
744 4746 926 4815 cousuevit
939 4770 980 4815 ac
1004 4747 1113 4816 uraris
1129 4756 1190 4831 est,
1208 4747 1439 4839 (teprnalnm,
1470 4748 1574 4839 Capi·

71 4862 157 4933 tuiis
184 4860 420 4932 Gerrerulibus
443 4885 484 4932 ue
507 4861 591 4932 alir‘s
625 4861 779 4946 actibus,
803 4861 928 4955 quibus
963 4861 1035 4931 alii
1066 4862 1220 4932 eiusdem
1249 4863 1398 4933 Ordinis
1421 4863 1574 4934 Prouin-

180 5125 189 5160 ¹
209 5126 290 5177 Gonu.
309 5125 335 5176 ln
356 5124 431 5176 Prot.
452 5124 539 5189 Tyrol.
560 5138 586 5190 ρ.
605 5124 665 5176 610.
686 5123 746 5176 edit
767 5123 881 5177 Venetae
895 5124 977 5178 Hucb.
998 5127 1022 5177 in
1037 5127 1127 5177 chron.
1146 5126 1194 5177 eol.
1215 5126 1274 5178 stt.
1295 5126 1354 5180 818.
1368 5141 1399 5177 uc
1418 5127 1478 5179 929.
1498 5124 1570 5178 Cant.

72 5223 136 5278 Orb.
156 5225 268 5290 Serapa
287 5231 304 5277 t
323 5223 348 5275 5.
368 5238 394 5290 p.
414 5222 474 5274 3¹2.
494 5230 543 5276 otc.
562 5220 657 5275 Chion.
679 5220 770 5287 Comi).
792 5222 867 5273 l‘rov.
888 5223 976 5287 Tyrol.
997 5237 1023 5288 p.
1043 5223 1067 5274 7.
1087 5228 1135 5274 uto.
1157 5224 1269 5275 llomuu.
1291 5224 1365 5275 l‘rov.
1387 5223 1475 5288 Tyrol.
1495 5223 1573 5275 Fran·

70 5325 178 5387 asma,
197 5337 247 5389 per
265 5336 333 5390 quac
352 5334 458 5387 semper
470 5321 584 5387 intelligo
598 5335 643 5386 cn,
663 5335 730 5388 qurrc
742 5334 774 5371 ex
788 5321 940 5385 protonolo,
954 5327 999 5372 aut
1018 5322 1131 5373 archivo
1145 5323 1295 5374 Provtnrlnc
1310 5321 1455 5387 ‹lonromsit
1469 5323 1572 5374 llelnrc.

70 5422 100 5474 ln
119 5420 227 5474 Thalete
245 5421 262 5472 Ι.
282 5419 306 5473 3.
325 5433 348 5473 c.
369 5418 394 5472 l.
413 5434 439 5487 p.
460 5417 520 5472 lot.
